2738 4672
488 1111 606 1165 INDEX
619 1110 789 1164 LOCOIWM

313 1235 315 1242 ’
387 1231 529 1304 QVHWS
549 1229 796 1294 SCRIPTORES
815 1230 897 1294 1111

150 1367 175 1418 A
194 1366 337 1420 moran·
354 1364 502 1418 AETATE
517 1365 574 1417 AD
590 1363 725 1417 ANNVM
740 1365 928 1419 Meoccxxr
944 1366 972 1418 P.
993 1362 1066 1418 erre.
1084 1361 1119 1416 Ν.

236 1503 442 1567 cattievii
461 1501 786 1565 NOMINAVBRVNT
804 1501 883 1565 AVT
902 1499 994 1563 EIVS

409 1603 557 1682 vensis
578 1603 865 1680 atramenta)

98 1810 114 1868 1
142 1811 240 1862 orooro
267 1806 306 1868 aa
320 1804 356 1876 Q.
371 1806 413 1884 (r.
436 1803 489 1883 †2,
508 1806 556 1878 13,
579 1808 616 1868 4:
638 1806 677 1884 cf.
700 1805 785 1883 infra
807 1804 845 1866 ad
864 1804 973 1867 Catali
993 1807 1044 1877 25,
1062 1809 1089 1869 1.

182 1891 221 1951 aa
241 1889 325 1952 Attio.
348 1888 422 1968 †13,
438 1890 489 1962 25,
505 1891 538 1954 3:
562 1891 600 1969 cf.
618 1890 657 1952 ad
680 1888 742 1951 Cat.
759 1891 787 1962 3,
803 1890 832 1951 9.

97 1977 117 2037 2
142 1982 233 2032 vieto
260 1976 294 2037 de
322 1973 392 2054 lina
421 1973 471 2035 lat.
495 1976 535 2050 [6,
552 1976 586 2038 6:
615 1976 654 2054 cf.
681 1974 740 2036 Cat.
763 1976 871 2055 fream.
898 1975 947 2050 10]
1067 1977 1096 2046 7,
1119 1977 1176 2039 50:

98 2074 100 2083 ¹
186 2058 246 2122 Cat.
265 2061 315 2128 62,
341 2061 355 2120 1
379 2057 463 2135 (dicit
483 2057 681 2136 Valerius).

96 2145 115 2206 3
140 2150 298 2202 CORNELIVS
321 2151 412 2202 Nepos
436 2163 467 2205 u.
482 2143 538 2205 Ati.
558 2146 607 2216 12,
622 2147 643 2206 4
657 2143 692 2204 L.
709 2142 817 2204 lulium
834 2141 975 2216 Calidum,
999 2160 1086 2222 quem
1109 2153 1177 2224 post

180 2228 312 2290 Lucretii
325 2227 533 2307 Catullique
548 2236 676 2290 mortem
691 2228 784 2290 multo
796 2227 1047 2308 elegantissimum
1058 2237 1176 2308 poetam

181 2323 313 2375 nostram
336 2313 438 2376 tulisse
460 2320 584 2375 aetatem
606 2331 678 2374 uere
702 2313 806 2374 uideor
827 2331 916 2393 posse
938 2313 1129 2374 contendere.

95 2403 115 2461 4
138 2405 253 2456 ASINIVS
274 2397 393 2476 (Pollio)
414 2399 445 2459 in
460 2396 671 2460 Valerium:
694 2398 732 2476 cf.
748 2398 835 2460 ionius
857 2398 960 2460 indicis
973 2416 1020 2459 nr.
1038 2399 1088 2462 33.

57 2554 59 2556 v
96 2485 115 2544 5
141 2490 291 2562 &Mitris
312 2483 395 2545 ootal.
411 2482 464 2562 †3‚
485 2484 520 2546 6:
546 2482 606 2545 Cet.
623 2485 673 2555 29,
689 2485 731 2545 24
828 2487 1173 2557 <rea01a110atatepta2J=

176 2566 260 2616 catal.
277 2567 292 2618 8
312 2570 352 2616 eet
364 2566 485 2632 parodia
503 2580 585 2618 carm.
604 2565 660 2619 Cat.
679 2569 705 2617 4.
744 2576 910 2619 valeamve.
944 2565 1032 2615 Dirae
1046 2563 1176 2631 (hildim).

95 2635 115 2696 6
138 2642 282 2692 1101111113
304 2645 357 2698 sat.
377 2631 469 2709 1,1o,
488 2636 526 2700 19
556 2653 654 2715 neque
683 2634 786 2696 simius
814 2634 870 2696 iste
895 2633 944 2696 Nil
969 2640 1088 2714 praeter
1110 2633 1176 2696 Cal-

179 2737 251 2780 uam
273 2729 303 2780 et
324 2720 429 2782 doctus
451 2728 572 2781 cantare
595 2719 784 2781 Catullum
906 2725 1073 2794 <ueneram
1103 2737 1177 2778 aaa·

182 2814 274 2855 cliuus
287 2805 318 2853 in
335 2802 460 2854 Suetonii
476 2805 535 2853 uita
553 2802 676 2854 Horatii.-
697 2799 736 2853 Ni
757 2805 782 2851 tc
798 2803 947 2853 uisceribus
969 2805 1049 2864 mea's,
1067 2801 1175 2869 Horati,

179 2870 243 2920 Piae
259 2872 315 2920 iam
333 2870 418 2936 diligo
436 2875 502 2921 eta„-
520 2868 556 2930 af.
576 2868 632 2921 Cat:
652 2871 692 2934 14,
712 2867 746 2935 1).

165 3055 190 3117 1)
208 3055 240 3105 In
259 3055 324 3107 locis
340 3058 378 3106 eie
396 3069 511 3120 quarum
528 3057 611 3106 uerba
634 3052 712 3115 infra
734 3054 772 3106 cd
788 3059 874 3107 certos
892 3055 992 3108 Catulli
1007 3069 1101 3106 aereus
1118 3056 1175 3104 iam

93 3125 203 3172 enotata
214 3137 269 3174 nan
281 3125 379 3173 iterum
391 3127 420 3172 in
433 3124 504 3173 hunc
516 3124 631 3174 indicem
643 3125 804 3190 manscripei
812 3126 879 3174 scito
888 3128 998 3188 poetam
1005 3124 1063 3174 ecta
1073 3121 1173 3174 Catulli

92 3191 253 3254 cognomine
270 3191 434 3256 appeliatum
445 3206 506 3255 ceso,
523 3193 548 3241 oi
564 3191 636 3242 nihil
649 3192 727 3243 aliud
738 3191 896 3243 adnotatum
910 3195 956 3244 oet.
986 3190 1065 3241 Locis
1078 3190 1174 3253 quibem

89 3262 172 3323 poeta
195 3272 251 3308 non
272 3260 431 3309 nominatur
452 3273 523 3310 anea
536 3260 572 3324 (†)
590 3259 718 3325 praefica
739 3265 784 3311 ert.
820 3259 888 3311 Loci
908 3261 956 3324 qui
975 3256 1078 3308 Catullo
1100 3254 1172 3317 falco

93 3326 253 3376 tribuuntur
268 3327 347 3376 anem
363 3329 444 3377 rectis
462 3329 471 3389 [
504 3330 513 3390 ]
531 3327 631 3378 inclusi
647 3331 718 3378 eunt.

162 3394 187 3458 2)
209 3393 279 3444 Huic
300 3393 387 3444 indici
409 3409 502 3446 eorum
523 3410 628 3461 quaque
650 3397 815 3460 scriptorum
837 3393 882 3445 uel
902 3407 996 3443 earnem
1018 3396 1173 3456 poematum

92 3460 280 3512 collectionum
296 3464 327 3512 in
345 3463 441 3527 quitur
459 3467 548 3513 certae
567 3462 667 3515 Catulli
682 3465 848 3513 imitationes
869 3461 1044 3528 reperiuntur
1060 3463 1172 3512 nomina

89 3530 197 3579 inserui
213 3529 311 3581 liuere
327 3531 445 3581 meroiuis
461 3533 612 3582 minoritae
628 3533 757 3597 impressa
775 3533 802 3579 et
817 3528 1026 3594 unaieabliquie
1042 3526 1055 3597 <
1090 3526 1103 3594 >
1120 3530 1173 3579 cir·-

93 3596 228 3648 aumdatc.
261 3602 372 3665 praeter
388 3600 499 3650 nomina
515 3600 576 3664 ipra
594 3600 638 3649 laia
661 3598 720 3648 iiiia
738 3598 819 3649 certic
836 3597 869 3648 de
887 3600 988 3648 canoris
1006 3596 1077 3647 locor
1094 3610 1171 3660 quoe-

93 3664 155 3714 dam
167 3664 263 3719 adieci.
293 3667 416 3723 asterisci
432 3666 478 3717 uei
493 3681 564 3717 unus
581 3667 627 3717 uel
637 3665 689 3717 duo
701 3666 747 3716 uel
760 3670 813 3716 troc
826 3667 978 3716 nominibus
989 3664 1079 3715 additi
1086 3665 1173 3728 cigni-

91 3730 177 3792 ficant
193 3735 370 3785 imitationem
388 3733 564 3786 catullianum
587 3736 617 3784 in
639 3733 686 3784 illo
704 3735 836 3798 scriptore
854 3748 987 3799 apparere
1003 3729 1171 3796 frequentem

92 3798 138 3849 uel
158 3798 370 3865 frequentiorem
392 3803 438 3853 uei
458 3799 710 3867 frequentissimam.
746 3804 776 3851 in
798 3802 975 3867 scriptoribus
993 3814 1107 3865 quorum
1124 3814 1171 3851 no·

91 3869 207 3919 minibus
222 3884 257 3919 ne
272 3884 343 3920 unae
360 3869 467 3935 quidem
484 3871 628 3921 aeterieeue
645 3870 798 3935 adscriptae
819 3876 858 3921 est
880 3871 997 3921 imitatio
1022 3867 1170 3919 catulliana

91 3950 158 3986 rara
174 3935 221 3986 uel
235 3939 376 3989 remisrima
393 3939 536 4004 reperitur.
