2738 4672
550 314 591 380 ca,
608 314 708 366 so-ne

265 412 286 449 ‚x
734 395 736 405 .

125 498 154 547 50
172 479 282 547 ‘Patria
305 506 322 547 o
344 485 402 546 mei
424 485 557 558 creatrix,
579 486 673 565 patria
696 505 713 545 o
735 503 799 546 mea
821 485 964 563 genetrix,

175 570 238 651 Ego
261 583 349 650 quani
372 570 480 632 misero
502 569 684 649 relinquens,
707 569 843 643 dominos
864 578 898 630 ut
917 570 1068 649 berilugae

176 656 289 717 Famuli
312 655 418 730 solent,
440 657 474 716 ad
497 655 565 716 ldae
587 655 670 716 tetuli
693 673 814 715 nemora
836 656 950 735 pedem,

175 741 213 802 Vt
233 750 307 821 aput
329 741 428 802 niuem
450 748 480 800 et
500 742 631 801 ferarum
652 740 747 819 gelida
767 739 880 801 stabula
901 741 995 802 forem

176 825 215 886 Et
237 844 338 887 earum
361 825 459 886 omnia
481 825 591 886 adirem
613 825 772 887 furibunda
793 824 921 900 lalibula,

127 921 156 972 55
178 911 303 972 Vbinam
325 919 376 971 aut
398 909 506 988 quibus
527 910 600 971 locis
621 919 650 970 te
672 910 806 989 positam,
828 911 931 989 patria,
954 907 1043 971 reor‘l

177 994 264 1075 Cupit
284 995 347 1075 ipsa
369 995 480 1075 papula
503 995 540 1056 ad
560 1002 588 1056 te
610 994 667 1055 sibi
689 995 816 1072 dirigere
838 995 939 1070 aciem,

176 1080 268 1141 Rahie
289 1081 351 1140 fera
374 1098 478 1141 carens
500 1080 569 1141 dum
592 1078 684 1140 breue
706 1087 824 1159 tempus
845 1079 961 1141 animus
982 1089 1035 1140 est.

175 1165 280 1243 Egone
302 1183 317 1225 a
340 1184 405 1227 mea
425 1174 538 1226 remota
560 1165 633 1227 haec
654 1166 733 1225 ferar
755 1165 785 1224 in
808 1182 930 1225 nemora
952 1162 1061 1225 domo‘l

176 1250 272 1311 Patria
293 1249 381 1312 bonis
403 1251 503 1312 amicis
525 1250 709 1330 genitoribus
731 1247 844 1310 abero?

126 1346 156 1396 66
176 1335 273 1396 Abero
295 1335 360 1396 soro
383 1335 527 1415 palaestra
549 1335 641 1396 stadio
664 1343 695 1396 et
716 1331 908 1414 guminasiis‘l
951 1339 952 1342 ’

175 1420 264 1481 Miser
285 1438 302 1480 a
323 1419 423 1495 miser,
446 1420 632 1499 querendum
655 1427 700 1481 est
721 1419 808 1480 etiam
824 1428 912 1498 atque
931 1420 1028 1494 etiam,
1050 1418 1183 1501 anime.⁸

177 1504 263 1576 Quod
286 1505 365 1565 enim
387 1522 483 1583 genus
504 1507 644 1584 figuraest
666 1523 720 1582 ego
743 1523 805 1565 non
828 1505 905 1583 quod
927 1502 1069 1566 obierim?

176 1588 240 1669 Ego
262 1589 377 1663 muher,
400 1608 454 1668 ego
478 1590 658 1661 adolescens,
681 1607 736 1667 ego
759 1589 901 1668 ephebus,
924 1608 978 1668 ego
1000 1608 1083 1669 puer,

175 1673 239 1751 Ego
262 1678 397 1754 gymnasi
417 1675 459 1734 lui
481 1675 544 1746 flos,
567 1692 621 1753 ego
644 1692 725 1735 eram
747 1673 836 1735 decus
859 1674 928 1734 olei:

125 1771 156 1820 65
176 1759 247 1819 Mihi
269 1760 374 1819 ianuae
396 1759 576 1837 frequentes,
599 1759 672 1818 mihi
693 1759 791 1819 limina
814 1759 922 1838 tepida,

175 1842 247 1904 Mihi
268 1843 381 1904 floridis
403 1843 518 1906 corollis
540 1843 673 1904 redimita
695 1843 800 1904 domus
822 1855 893 1915 erac,

175 1926 383 2008 Linqueudum
406 1928 457 1989 ubi
480 1938 556 1990 esset
578 1938 643 1988 orlo
667 1928 736 1989 mihi
758 1929 817 1989 sole
839 1926 1016 1989 cubiculum.

175 2011 239 2092 Ego
263 2031 344 2074 nnnc
365 2013 452 2074 deum
474 2013 607 2074 ministra
630 2020 660 2073 el
681 2012 802 2093 Cybeles
824 2012 931 2073 famula
952 2009 1052 2074 ferar?

177 2096 240 2177 Ego
262 2115 392 2172 maenas,
415 2116 470 2177 ego
492 2098 550 2159 mei
572 2117 648 2177 pars,
671 2095 796 2176 ego'uir
816 2097 923 2160 sterilis
945 2094 1018 2158 ero?

126 2193 155 2242 10
176 2181 239 2262 Ego
261 2182 365 2244 uiridis
386 2182 479 2262 algida
501 2183 569 2244 ldae
592 2188 663 2245 uine
685 2183 790 2244 amicta
812 2183 876 2244 loca
898 2180 1014 2243 colam?

176 2266 239 2346 Ego
262 2267 354 2329 uitam
375 2286 458 2347 agam
480 2269 536 2330 sub
558 2269 622 2330 altis
644 2268 787 2348 Phrygiae
810 2267 1017 2343 columinibus,

176 2352 230 2413 Vbi
253 2370 341 2413 cerua
363 2353 546 2427 siluicultrix,
571 2353 621 2414 ubi
643 2372 714 2433 aper
737 2349 968 2431 nemoriuagus‘l

175 2435 236 2497 lam
258 2437 315 2498 iam
337 2438 416 2498 dolet
438 2438 518 2517 quod
539 2438 595 2516 egi,
618 2439 675 2498 iam
697 2438 813 2517 iamque
835 2432 984 2517 paenitet.³

176 2676 208 2724 511
220 2687 280 2730 meav
289 2626 397 2723 chl'rix
410 2690 432 2722 ω
445 2659 580 2739 lgenetrix
591 2675 617 2733 le
627 2672 762 2736 posterior
772 2687 886 2736 superne
897 2671 1002 2734 adrosa,
1011 2670 1058 2721 aad
1067 2668 1161 2731 fuerat

89 2744 115 2788 a
127 2743 166 2789 esc
177 2740 201 2802 e)
216 2739 237 2790 c
250 2726 432 2805 [ungenitus
446 2740 466 2790 o
478 2739 594 2802 [cuum
600 2736 621 2857 y
634 2738 1073 2874 ⁵¹¹1thme
1084 2735 1093 2803 11
1105 2739 1159 2791 ueri

88 2806 150 2871 luge
175 2809 239 2872 (pro
258 2807 278 2858 lr
293 2806 386 2868 fuerat
403 2824 432 2871 u,
456 2822 518 2857 corr
537 2806 580 2870 G¹l
678 2809 710 2858 52
727 2806 779 2872 yde
799 2808 820 2859 G
841 2807 850 2873 11
874 2807 948 2859 tetuli
968 2805 1019 2857 0*.·
1040 2807 1118 2858 retuli
1137 2807 1158 2859 G

89 2877 125 2937 [et
138 2875 270 2941 plerique]
288 2873 297 2942 1
315 2890 426 2927 memora
448 2874 483 2923 0*
500 2873 510 2942 1
528 2877 561 2926 56
580 2874 614 2925 Vt
631 2881 708 2940 caput
726 2875 754 2926 V
771 2877 781 2940 11
804 2875 906 2927 stabilia
926 2875 961 2925 0*
979 2874 1081 2927 slahilla
1104 2876 1160 2939 (sed

88 2941 279 3004 famulantem
297 2942 414 2994 stabilia.-
440 2947 503 2993 ntra
520 2958 615 2993 manns
632 2946 790 3005 correano-it,
812 2946 902 3008 prima
920 2960 956 2994 an
970 2959 999 3009 g,
1022 2958 1076 2994 non
1093 2948 1159 2994 catis

88 3016 189 3060 ceriam
208 3015 260 3073 aet,
284 3027 332 3076 ego
351 3012 523 3062 attribuerim
540 3015 723 3061 correcturum
740 3013 856 3077 ammae)
875 3011 911 3063 G*
931 3011 968 3078 [0,
987 3011 1078 3063 alabila
1097 3012 1159 3076 BA,

88 3077 190 3128 stabula
208 3079 337 3144 plerique]
355 3079 365 3145 11
383 3081 415 3131 54
427 3079 523 3141 omnia]
541 3078 635 3130 omissa
649 3079 761 3146 Heyeine
777 3081 857 3131 amica
870 3079 991 3131 Muretus
1008 3085 1097 3150 onerta
1114 3080 1160 3130 ool

89 3159 172 3210 opaca
189 3145 253 3198 buc.
271 3147 383 3197 Mueller
405 3146 436 3197 ad
459 3146 543 3198 omnia
567 3147 634 3201 irem
646 3147 782 3198 Auentina
807 3147 816 3214 1
842 3151 874 3201 55
891 3149 999 3215 patriam
1023 3147 1159 3211 (sedeone

87 3216 196 3279 ipsam,
205 3217 260 3277 pr.)
274 3213 308 3264 0·
326 3214 335 3282 1
353 3216 386 3266 56
404 3213 499 3280 popula
517 3219 569 3266 alte
582 3215 610 3266 V
623 3214 632 3279 1
651 3217 683 3268 56
701 3215 755 3280 Ego
772 3231 805 3268 ne
822 3232 893 3268 amen
907 3216 935 3267 V
947 3215 957 3283 1
974 3216 1040 3267 lerar
1057 3212 1159 3277 (ficerat

87 3281 164 3346 ferni)
184 3281 205 3331 G
222 3280 232 3345 11
249 3283 281 3333 66
300 3282 449 3347 guminasiis
466 3281 592 3334 allinus.-
608 3284 728 3349 gumasiis
743 3284 909 3350 Ogynnaslis
926 3285 989 3347 (nisi
1005 3281 1098 3346 sbllor)
1112 3282 1157 3345 G*,

87 3350 152 3400 arado
169 3347 235 3409 lacit
252 3350 393 3416 gymnasiis
408 3365 430 3414 g
447 3351 615 3416 [gyiilnnasiis
633 3352 681 3401 BD
699 3353 839 3419 gymnasiis
854 3352 983 3417 plenique]
1001 3351 1010 3418 11
1034 3349 1065 3402 61
1085 3349 1117 3399 ba
1138 3350 1158 3400 0

104 3417 122 3469 h
142 3416 164 3468 G
181 3415 191 3483 1
208 3418 241 3469 62
258 3416 340 3482 figura
358 3420 397 3468 esi
409 3417 438 3468 V
449 3418 459 3484 11
476 3418 537 3484 quid
555 3420 658 3471 abierim
674 3420 702 3471 V
714 3419 783 3486 qnod
803 3418 908 3471 habueri
973 3417 1073 3481 caliges·
1091 3431 1158 3475 nunc

88 3481 158 3604 yirod
177 3485 283 3536 obierim
301 3486 422 3536 Hondiur
439 3483 449 3552 11
466 3487 498 3538 63
511 3487 602 3538 mulies
622 3486 656 3537 0·
673 3488 728 3552 Ego
746 3488 826 3552 puber
845 3482 917 3538 SoM'
969 3485 1036 3549 'Ego
1057 3476 1164 3540 incili?

112 3555 262 3619 orabergiue
304 3549 337 3606 64
354 3554 474 3620 gimnasli
487 3554 516 3606 V
528 3556 537 3622 1
554 3556 594 3608 sui
608 3555 644 3606 G*
657 3555 701 3618 [D]
719 3554 728 3619 11
743 3559 805 3619 post
815 3554 864 3605 llos
876 3556 1013 3618 maiorem,
1026 3558 1090 3618 post
1106 3553 1157 3604 olei

87 3624 218 3672 minorem
235 3625 476 3688 interpunctionem
491 3627 584 3701 poenit
604 3623 827 3674 Wilonaoaoilzt'os
838 3621 847 3689 11
864 3621 924 3688 oley
938 3621 964 3673 V
977 3621 988 3689 1
1005 3623 1045 3674 65.
1064 3623 1105 3675 66.
1124 3624 1155 3673 61

88 3722 166 3775 Michi
185 3729 280 3788 qnater
293 3725 314 3776 G
325 3724 402 3776 Michi
421 3727 468 3790 bis,
486 3703 511 3772 rii
530 3723 602 3774 ono
618 3720 628 3790 1
646 3724 679 3774 66
697 3722 797 3774 circulis
812 3723 840 3774 V
852 3721 962 3785 [circulis
979 3727 1006 3774 et
1022 3725 1052 3774 in
1069 3738 1156 3788 marg.

89 3789 119 3872 al¹
132 3791 226 3843 curulis
242 3792 275 3856 L]
292 3790 302 3860 11
320 3795 350 3846 61
369 3791 527 3872 Liquendum
546 3792 574 3843 V
586 3790 596 3860 1
613 3790 669 3842 solo
684 3789 734 3863 Vl
751 3793 783 3843 68
801 3791 855 3856 Ego
874 3806 920 3843 nec
933 3791 965 3856 V,
984 3808 1045 3843 corr
1062 3791 1156 3843 Sonte-

89 3856 1159 3995 ’1111ῗῖ111ῗέιῖωηῖοζῖἷῖαῆἶῑιῗῑεῗὲἷνῧ*Ἧαῖῑῗ»ἒιῖζσαῗῑιῗὲἲοῖᾞ131ὲῖ515ῗὶ

88 3994 457 4114 116111611665667111
477 3995 534 4062 phil
546 3995 639 4061 Olrigie
653 3995 681 4046 V
693 3994 702 4063 1
721 3994 854 4047 colr‘mihus
874 3997 902 4050 V
913 3994 923 4064 1
942 4000 973 4049 12
991 3996 1050 4048 silui
1063 3994 1155 4046 cultrix

131 4061 141 4129 1
158 4077 223 4128 apex
243 4062 276 4113 0*
293 4061 304 4126 1
321 4079 416 4116 nemon
434 4078 516 4127 uagus
534 4062 562 4114 V

1212 3445 1259 3488 ’ab
