2738 4672
509 309 551 373 38,
569 309 662 372 3-39,
683 310 713 363 16

204 480 240 540 Et
262 480 354 560 magis
376 482 468 561 magis
490 481 520 540 iu
544 481 605 542 dies
628 490 656 540 ct
677 481 773 542 horas.

203 565 298 636 Quem
320 578 361 641 tu,
384 567 463 644 quod
486 566 640 626 minimum
663 565 891 646 facillimumque
915 577 966 641 est,

166 660 180 709 5
203 651 267 722 Qua
290 652 400 713 solatus
423 663 466 713 est
488 648 687 712 allocutione?

203 736 317 797 Irascor
339 736 401 798 tibi.
446 737 487 798 sic
511 754 592 798 meos
612 735 750 798 amores?

204 821 329 882 Paulum
349 822 419 900 quid
440 821 523 883 lubet
544 821 739 896 allocutionis,

203 906 337 969 Maestius
359 907 485 968 lacrimis
508 906 686 968 simonideis.

203 1191 359 1275 Egnatius,
383 1198 462 1277 quod
485 1196 624 1258 candidos
644 1195 734 1258 habet
757 1198 870 1271 dentes,

202 1279 327 1342 Renidet
350 1301 443 1361 usque
466 1300 591 1361 quaque.
637 1283 678 1343 sei
702 1282 737 1343 ad
759 1282 804 1343 rei
825 1292 949 1343 uentum
972 1291 1015 1342 est

204 1364 392 1441 Subsellium,
417 1386 484 1428 cum
507 1377 605 1428 orator
627 1368 734 1428 excitat
755 1368 866 1441 lletum,

204 1451 330 1513 Renidet
352 1452 409 1513 ille.
454 1453 478 1514 si
501 1454 536 1513 ad
558 1453 599 1532 pii
622 1470 727 1532 rogum
750 1453 794 1514 tili

166 1536 344 1614 iLugetdr,
367 1538 439 1599 orba
462 1556 529 1598 cum
551 1539 602 1599 llet
625 1538 746 1600 unicum
769 1546 872 1611 mater,

202 1620 327 1682 Renidet
348 1622 405 1683 illc.
450 1622 590 1701 quicquid
613 1632 665 1698 est,
688 1623 868 1700 ubicumque
891 1632 944 1694 est,
968 1676 969 1679 ,

202 1705 417 1786 Quodcumque
439 1709 506 1785 agit,
529 1708 654 1768 renidet.
699 1709 780 1768 hunc
801 1706 891 1768 habet
912 1707 1047 1768 morbum

201 1790 304 1870 Neque
326 1792 499 1871 elegantem,
523 1802 557 1853 ut
577 1793 713 1865 arbitror,
737 1810 834 1870 neque
855 1791 1012 1852 urbanum.

202 1874 300 1945 Quare
321 1876 502 1938 monendum
526 1885 571 1937 est
592 1887 618 1938 te
639 1876 719 1952 mibi,
742 1876 823 1938 bone
845 1876 961 1956 Egnati.

153 1967 181 2020 10
204 1959 234 2019 Si
257 1962 388 2023 urbanus
411 1981 489 2023 esses
511 1971 561 2022 aut
584 1961 712 2024 Sabinus
734 1972 784 2022 aut
806 1962 913 2024 Tiburs

202 2047 259 2106 Aut
279 2046 375 2123 [artus
397 2046 506 2108 Vmber
527 2056 577 2107 aut
599 2046 705 2109 obesus
728 2047 870 2110 Etruscus

202 2132 259 2191 Aut
279 2133 453 2194 Lanuuinus
475 2140 538 2193 ater
559 2140 647 2211 atque
670 2132 806 2194 dentatus

201 2215 258 2276 Aut
281 2216 516 2297 Transpadanus,
539 2226 573 2278 nt
595 2236 676 2279 meos
700 2236 818 2297 quoque
841 2218 992 2298 attingam,

200 2300 259 2361 Aut
281 2303 331 2380 qui
353 2302 434 2363 lubet
457 2303 506 2381 qui
530 2304 645 2382 puriter
666 2303 737 2364 lauit
760 2303 879 2378 dentes,
915 2307 918 2313 '

151 2393 178 2443 15
201 2386 311 2448 Tamen
334 2387 470 2448 renidere
493 2406 587 2466 usque
610 2407 727 2468 quaque
749 2398 778 2449 te
802 2388 925 2450 nollem:

200 2470 272 2531 Nam
294 2472 354 2534 risu
377 2473 479 2552 inepto
502 2492 549 2534 res
571 2474 704 2552 ineptior
723 2474 803 2535 nulla
826 2482 878 2535 est.

71 2686 135 2739 sime
156 2689 185 2740 V
195 2687 204 2756 ll
222 2693 261 2740 est
280 2689 335 2740 add
351 2690 491 2754 Silligias:
511 2706 552 2742 orn
570 2690 599 2742 V
611 2692 616 2756 Ι
639 2691 654 2741 3
672 2689 701 2739 Ei
714 2689 818 2739 Birtins
835 2687 844 2748 ΙΙ
861 2687 1087 2755 4¹lacilimumque
1108 2688 1149 2757 Op

70 2758 87 2806 5
106 2755 254 2808 aloeucione
275 2758 311 2807 ⁰*
328 2757 337 2825 ΙΙ
356 2761 371 2809 'l
389 2759 459 2809 iuuet
477 2759 602 2808 Heinsius
617 2691 627 2824 b
650 2757 806 2809 aloeucionis
826 2755 862 2806 0*
886 2755 895 2823 ll
916 2758 1082 2808 innomine
1101 2773 1146 2808 ea-

72 2827 156 2876 tramo
173 2825 303 2876 nonnulla
319 2829 431 2890 periisse
447 2828 606 2877 Pae-titanios
624 2825 725 2889 aliique
738 2828 875 2890 putarunt

155 2890 193 2946 39
211 2893 388 2951 Interatitinm
404 2894 508 2944 nullum
520 2895 548 2946 V
559 2892 569 2962 ΙΙ
588 2891 733 2945 lcandides
744 2892 780 2942 ⁰*
797 2893 806 2958 ΙΙ
825 2893 865 2944 2s
883 2893 888 2904 '
931 2893 1144 2959 [Laur.55,t2]:

69 2975 117 3015 seu
137 2959 159 3011 G
176 2963 212 3023 [et
229 2964 318 3026 aeteri]
341 2962 350 3029 ΙΙ
373 2964 388 3013 3
407 2960 553 3013 Subsellum
573 2961 594 3013 G
612 2960 773 3013 Subscellum
793 2960 829 3011 0*
878 2962 973 3013 excitat
990 2967 1076 3015 orator
1094 2961 1120 3014 V
1135 2961 1146 3032 l

67 3033 136 3110 epil
145 3059 233 3109 regum
243 3036 331 3098 filii'al'
340 3047 411 3112 impii
423 3045 443 3096 G
457 3046 557 3109 (omnia
565 3059 607 3110 pr.
615 3048 697 3111 man.)
710 3045 781 3112 tmpti
796 3058 886 3113 regum
899 3044 945 3097 filii
958 3047 978 3097 0
989 3044 1031 3166 ἑὸ
1043 3046 1146 3113 lugetur

71 3111 187 3164 orbicum
206 3113 240 3162 0*
257 3113 266 3182 ll
285 3117 300 3167 C
318 3114 464 3180 ublcunque
484 3113 505 3164 G
522 3111 531 3179 ll
549 3116 564 3167 9
585 3120 609 3166 te
627 3115 682 3165 add
698 3115 830 3166 Maedliue
845 3121 906 3181 poet
922 3120 970 3180 est,
1004 3116 1146 3181 pengeb‘ua

69 3179 141 3230 idem
153 3179 295 3232 addiderat
306 3187 368 3233 ante
377 3185 431 3234 est:
450 3197 492 3232 om
502 3181 533 3234 V.
560 3181 701 3234 monendus
714 3197 741 3234 ea
751 3200 774 3234 ω
786 3182 941 3236 monendum
954 3186 993 3234 est
1006 3183 1043 3234 sic
1055 3183 1146 3248 Peipn·

67 3245 129 3315 tit
145 3245 225 3320 sapim
239 3250 370 3301 Venator:
389 3251 523 3314 parcusV
535 3251 746 3316 pastusVoasins
763 3250 997 3304 bassusLeeeoinr.
1029 3253 1059 3300 in
1074 3250 1146 3314 glor-
1202 3264 1215 3304 4
1226 3266 1269 3336 {42³
1287 3270 1317 3311 sta

66 3317 108 3366 eie
125 3319 259 3367 audoenio
277 3319 315 3382 (in
324 3318 381 3368 Mai
394 3319 494 3370 classic.
504 3323 609 3370 aneton.
618 3319 642 3384 7,
649 3320 706 3384 574)
724 3321 802 3371 daeo.-
820 3310 1055 3384 Pinguis⁴grassus
1085 3331 1143 3370 nam
1226 3311 1286 3389 ²
1297 3320 1308 3356 ὲ

69 3383 167 3435 obesus
184 3383 243 3451 plus
265 3389 304 3437 est
322 3400 398 3452 quam
420 3386 529 3453 pinguis.
565 3387 679 3440 Catullus
703 3388 738 3439 ait
755 3382 816 3438 ‘Aut
839 3385 940 3452 pinguis
958 3384 1054 3436 Vmber
1076 3386 1145 3445 (eod.
1204 3408 1220 3435 a
1233 3386 1341 3455 ,oium

69 3452 159 3517 ubete)
177 3458 220 3504 aut
239 3453 332 3506 obesus
349 3453 470 3507 Etruscus
488 3456 554 3520 (cod.
575 3460 602 3507 et
625 3458 749 3522 prossus).
785 3452 820 3515 es.
842 3451 959 3504 liei-neti
975 3453 1038 3505 adu.
1056 3454 1095 3518 44,
1112 3455 1144 3507 8.·
1195 3505 1209 3524 .‹

69 3519 99 3575 Ρ.
118 3519 206 3573 Daniel
224 3535 280 3574 sese
301 3522 327 3575 lu
351 3522 528 3589 antiquissimo
545 3523 670 3591 reperisse
694 3524 777 3574 lexico
795 3517 855 3588 (eui
874 3520 954 3587 parile
973 3535 1021 3587 ego
1046 3520 1099 3573 uidi
1116 3521 1144 3574 iu

70 3590 225 3642 monasterio
245 3585 433 3644 uindecinensi’
454 3592 577 3657 Scaliger
595 3592 631 3642 ad
650 3592 765 3644 Varnen.
782 3604 808 3655 p.
822 3589 855 3642 24
870 3589 910 3641 ad.
925 3591 987 3655 bi'p.)
1005 3588 1041 3640 ait
1058 3589 1143 3643 locum

68 3657 106 3708 lta
124 3657 251 3724 prolatum
269 3652 330 3711 ‘Aut
348 3658 451 3725 pinguis
468 3653 573 3712 Vmber'
598 3659 603 3726 Ι
620 3665 735 3710 etruscus
753 3659 777 3720 (e
794 3659 823 3708 in
841 3672 952 3722 rasura,
977 3653 1071 3719 ibunt
1086 3657 1143 3719 for·

67 3728 139 3775 tasse
158 3729 292 3792 ptruseus)
303 3727 332 3778 G*
344 3740 358 3793 7
369 3729 501 3780 truscuso
518 3725 528 3795 l
546 3730 578 3779 12
605 3725 768 3777 emiuinusV
781 3725 791 3794 l
810 3726 841 3779 13
858 3728 896 3788 ut]
909 3731 953 3778 aut
963 3726 988 3778 V
1002 3723 1012 3794 l
1032 3730 1144 3794 liqua-

68 3795 130 3860 que]
153 3795 180 3857 φ
202 3796 245 3858 (ε
264 3799 349 3863 quam)
370 3794 409 3846 0*
422 3796 431 3863 ΙΙ
453 3799 485 3849 16
500 3795 556 3847 aisti
577 3793 622 3847 0¹¹¹.
657 3795 782 3844 Ieremias
804 3793 887 3844 iudan
911 3794 942 3845 de
962 3795 1144 3860 Moniagnone

69 3861 215 3914 Padnanus
229 3864 379 3929 compendii
393 3864 540 3915 moratium
551 3862 710 3913 notabilium
722 3861 1018 3928 parturitionum:
1037 3861 1142 3915 Catulus

69 3945 92 3981 c.
103 3927 188 3983 i‘rlsu
198 3959 230 3970 -
241 3933 313 3984 nulla*
329 3926 391 3985 est'.
419 3933 546 3983 Petenrea
563 3930 595 3981 de
612 3930 737 3981 rnnediio
754 3932 895 3996 utriusque
910 3929 1042 3992 fortunae·
1051 3928 1142 3997 praef.

70 3997 130 4049 libr.
148 3999 177 4048 ll
191 4012 217 4065 p.
230 4001 276 4052 tui
289 4001 420 4052 etBaeii.
431 4016 454 4053 a.
467 3999 530 4051 isat
550 3997 685 4051 stultomm
702 3998 769 4050 risus
787 4013 839 4064 quo
856 3994 953 4068 ‘inepto
971 4014 1012 4052 res
1030 3999 1142 4066 ineptior

68 4065 139 4118 nulla
157 4062 217 4130 est',
236 4075 263 4120 ut
282 4068 395 4120 Catullus
413 4068 449 4119 ait
