2738 4672
216 288 255 346 22
659 295 699 356 aa,
718 294 811 360 a-aa,
830 297 844 346 2

304 473 317 521 5
340 463 421 534 Quae
443 472 476 525 tu
499 464 631 544 negligis,
655 483 758 526 acme
781 466 919 528 miserum
943 467 1053 528 deseris
1075 467 1106 527 in
1129 468 1227 530 malis:

339 547 423 609 b'beu
446 549 516 627 quid
538 549 655 622 faciant,
678 550 730 625 dic,
753 551 898 626 homines,
921 551 1007 613 cuiue
1029 551 1158 615 habeant
1179 552 1293 614 fidem?

340 668 424 729 Certe
446 677 508 730 tute
531 667 652 731 iubebas
674 670 802 732 animam
825 671 949 746 tradere,
972 670 1083 750 inique,
1105 692 1149 734 me

338 753 486 816 Inducens
509 755 538 815 in
562 773 701 830 amorem,
725 756 808 835 quasi
831 765 892 818 tuta
915 757 1013 818 omnia
1035 757 1075 817 mi
1097 759 1207 819 serent.

339 872 419 932 Idem
441 891 523 934 nunc
546 873 671 934 retrahis
693 883 722 935 te
745 892 779 934 ac
801 883 850 934 tua
873 873 950 935 dluta
972 875 1071 936 omnia
1095 877 1231 956 lautaque

288 965 316 1016 10
338 957 448 1019 Ventos
469 958 551 1018 irrita
573 959 651 1019 ferre
673 977 706 1020 ac
730 959 852 1020 nebulas
874 959 967 1021 aerias
990 960 1073 1022 sinis.

339 1076 423 1137 Situ
447 1077 556 1139 oblitus
579 1097 619 1151 es,
642 1087 672 1139 at
695 1078 734 1139 dii
757 1079 967 1152 meminerunt,
991 1080 1125 1141 meminit
1146 1080 1245 1155 Fides,

339 1161 420 1232 Quae
443 1174 472 1223 te
494 1173 528 1223 ut
549 1163 699 1241 paeniteat
720 1164 876 1243 postmodo
899 1164 968 1225 sacti
990 1165 1077 1226 saciet
1099 1166 1151 1226 tui,

208 1408 249 1480 31
336 1410 441 1478 Paene
464 1416 636 1491 insularum,
660 1418 776 1493 Sirmio,
799 1418 1021 1496 insularumque

339 1500 447 1576 Ocella
470 1520 671 1582 quascumque
694 1504 724 1564 in
748 1503 930 1582 liquentibus
952 1505 1062 1583 stagnis

337 1586 468 1666 Marique
491 1598 574 1650 uastc
597 1591 654 1650 lert
677 1596 802 1669 uterque
824 1589 990 1669 Neptunus,

338 1670 432 1741 Quam
454 1683 483 1734 te
506 1673 635 1736 libenter
657 1693 803 1754 quamque
825 1675 918 1735 laetus
940 1673 1049 1747 inuisa,

302 1766 317 1815 5
339 1755 392 1817 Vix
414 1763 457 1820 mi
476 1758 539 1839 ipse
563 1760 687 1821 credens
710 1760 855 1823 Thuniam
878 1766 965 1838 atque
991 1758 1132 1819 bitbuucs

339 1841 472 1921 liquisse
495 1863 616 1925 campus
637 1854 666 1905 et
687 1844 789 1907 uidere
811 1857 840 1906 te
862 1845 892 1905 in
916 1844 996 1906 tutcl

340 1927 363 1987 Ο
387 1929 457 2006 quid
480 1930 583 1992 solutis
606 1939 650 1992 est
671 1929 786 1992 beatius
808 1930 897 2004 curis,

339 2011 413 2073 Cum
434 2033 519 2075 mens
542 2034 618 2076 unus
640 2013 768 2093 repcnit,
791 2032 824 2075 ac
846 2013 1007 2093 peregrino

339 2095 452 2158 Labore
474 2099 543 2159 sessi
567 2099 704 2159 uenimus
725 2099 816 2158 larem
839 2098 873 2158 ad
897 2106 1032 2158 nostrum

289 2188 317 2239 10
339 2180 569 2260 Desiderathue
591 2181 805 2260 acquiescimus
826 2182 913 2242 lecto.

339 2264 402 2326 Huc
426 2274 469 2328 est
492 2267 572 2345 quud
593 2285 687 2327 unum
711 2276 755 2328 est
776 2285 831 2345 pro
854 2265 1004 2333 laboribus
1026 2265 1125 2326 tantis.

340 2349 435 2425 Salue,
459 2370 476 2411 ο
499 2361 624 2412 uenusta
647 2350 763 2426 Sirmio,
786 2361 873 2430 atque
896 2352 967 2411 herc
991 2349 1099 2430 gaude:

339 2434 469 2497 Gaudete
491 2456 607 2517 uosque,
630 2455 646 2497 a
668 2436 762 2516 lydiae
783 2437 864 2497 lacus
886 2436 996 2497 undae:

339 2519 453 2595 Ridete,
476 2522 616 2601 quicquid
638 2531 683 2584 est
704 2521 783 2583 dumi
806 2521 1030 2585 cachinnorum.

209 2752 253 2822 32
338 2753 463 2832 Amabo,
486 2777 551 2819 mea
573 2758 666 2821 dulcis
688 2758 820 2838 Ipsitilla,

338 2841 419 2905 Meae
441 2839 571 2920 deliciae,
593 2843 652 2906 mei
673 2844 799 2925 lepores,

217 2963 412 2975 ——-—-

296 3013 311 3062 5
331 3008 412 3070 Quom
431 3019 510 3063 tn-
528 3012 615 3077 malis,
637 3012 702 3063 ebcu
720 3011 818 3064 Mauro
843 3011 911 3073 Quos
931 3029 954 3062 ω
972 3009 1045 3071 Quod
1064 3009 1129 3060 Luc.
1147 3008 1263 3063 Mueller
1278 3013 1290 3080 1

212 3080 227 3130 6
247 3076 266 3129 0
285 3079 369 3131 benV
384 3078 395 3147 1
411 3079 468 3132 dico
482 3079 510 3131 V
522 3076 532 3144 11
549 3079 590 3131 cni
604 3094 635 3131 ne
649 3079 685 3130 0*
702 3077 712 3148 1
730 3082 744 3130 'l
761 3095 802 3132 me
821 3096 861 3132 om
872 3081 904 3132 V.
938 3095 974 3131 un
991 3077 1121 3145 iniquius?
1140 3077 1150 3145 11
1168 3079 1183 3131 8
1201 3081 1290 3132 omnia

212 3153 267 3198 tnta
279 3145 300 3198 G
317 3150 372 3199 tuta
385 3163 427 3198 um
439 3147 474 3197 0*
491 3147 500 3213 11
517 3150 532 3200 9
549 3147 618 3199 Idem
630 3147 665 3197 O:
682 3145 742 3199 Inde
753 3148 774 3200 G
787 3147 856 3211 [Inde
868 3152 934 3213 (eser
946 3147 976 3200 al
989 3145 1068 3211 idem)
1078 3147 1110 3209 B]
1127 3147 1137 3210 1
1156 3148 1187 3200 10
1200 3145 1289 3200 Vento

128 3217 129 3220 ’
213 3216 238 3268 V
253 3216 264 3285 1
280 3213 339 3267 fiale
359 3216 395 3266 0*
412 3217 421 3282 11
440 3218 469 3269 11
488 3219 518 3266 ut
538 3217 567 3268 V
577 3213 586 3283 11
604 3215 750 3277 meminere,
768 3223 795 3268 at
813 3234 835 3267 ω

297 3282 332 3338 31
350 3284 527 3335 Inter-atilium
544 3283 690 3335 nullumV.
716 3282 756 3335 Ad
767 3283 886 3336 Simulum
895 3283 1077 3348 Insulamgiu
1088 3297 1175 3346 marg.
1201 3281 1288 3334 Pura·

208 3354 333 3419 grapbur
351 3353 474 3404 caerulea
492 3355 554 3403 ante
570 3352 624 3404 rat
643 3354 673 3402 in
692 3350 738 3428 (111
758 3354 771 3406 1
790 3353 877 3404 sirmio
893 3369 930 3418 g.-
948 3352 1035 3404 sisinio
1054 3351 1079 3403 V
1095 3350 1105 3416 1
1127 3352 1142 3402 2
1160 3362 1290 3416 quascun-

214 3462 263 3520 que
278 3452 322 3522 01
338 3454 462 3506 Ilibente
478 3453 506 3505 V
517 3450 526 3518 1
545 3453 648 3506 5micbi
663 3453 684 3504 G
702 3429 728 3504 rit
748 3453 768 3504 0
784 3452 794 3519 11
811 3452 920 3505 crederis
938 3457 1004 3520 (eser
1021 3451 1052 3504 al'
1071 3450 1175 3504 credens
1190 3450 1221 3516 g)
1241 3450 1264 3502 G
1279 3451 1288 3521 11

100 3543 102 3545 >
213 3520 327 3572 thimlam
345 3527 423 3588 atque
441 3520 564 3574 bitblnics
582 3521 731 3587 (bithtnms,
747 3521 756 3572 i
775 3522 865 3573 littera
877 3536 922 3585 ag
940 3538 1025 3585 masa,
1040 3519 1070 3584 G)
1088 3520 1120 3584 V,
1139 3519 1211 3586 quod
1227 3535 1276 3570 cor

212 3591 282 3640 reat.
312 3587 439 3656 Thyniam
457 3596 534 3657 atque
551 3589 675 3658 bithynos
688 3608 711 3641 ω
727 3587 737 3657 1
756 3591 772 3641 6
790 3593 825 3654 te]
844 3605 880 3640 aa
892 3593 950 3640 me?
967 3588 976 3657 11
994 3592 1008 3642 8
1026 3603 1098 3640 mens
1113 3586 1148 3638 0*
1178 3589 1226 3666 Ι10
1245 3602 1289 3638 ac-

230 3655 353 3708 uiesimus
373 3656 408 3706 O*
425 3655 435 3725 11
453 3661 484 3710 13
503 3656 782 3726 aerumnamque
801 3674 864 3710 car:
882 3670 930 3708 nos
948 3671 1051 3776 quoque
1064 3656 1089 3707 V
1105 3654 1114 3724 11
1130 3655 1159 3724 ly
1176 3669 1201 3736 ‚¹⁰
1216 3654 1238 3706 G
1256 3655 1288 3706 li-

212 3673 293 3776 3110
319 3723 392 3793 Lydii
411 3725 533 3792 Scaliger
559 3726 654 3779 Libnae
668 3727 857 3778 Lachmannus
883 3724 982 3776 lucidae
1024 3727 1139 3776 damnus
1165 3721 1287 3790 limprdae

211 3794 347 3844 Amantius
372 3808 419 3845 uos
438 3810 548 3862 qnoque,
566 3794 658 3846 lucitae
671 3795 785 3867 Hepp'ue
811 3809 858 3846 nos
871 3808 973 3861 quoque
991 3793 1040 3845 boc
1058 3791 1099 3844 dle
1112 3791 1289 3856 Ileesbergiue

212 3860 221 3928 11
240 3863 271 3914 14
288 3860 379 3929 Ridere
399 3854 461 3929 O‘l
478 3862 641 3914 cachinorum
660 3863 682 3912 0
702 3864 707 3869 ”

297 3927 334 3983 32
353 3929 528 3981 Interdictum
545 3929 649 3981 nullum
670 3931 699 3982 V.
735 3927 774 3980 Ad
791 3927 964 3995 lpsicillamg
986 3931 1016 3978 in
1033 3943 1119 3993 marg.
1167 3925 1205 3978 dd
1222 3926 1288 3993 lpsi-

213 3997 298 4050 cillam
310 3997 367 4047 DA
383 3995 422 4048 Aa
440 3997 566 4063 lpsicilem
584 3997 667 4049 Laur.
678 3999 723 4060 55,
732 3999 765 4050 12
784 3996 822 4047 Ad
840 3996 973 4062 Ipsitillam
993 3994 1067 4048 CAd
1085 3995 1156 4061 lpsiti
1168 4007 1207 4047 am
1226 3995 1286 4060 Ab]

212 4067 222 4133 11
242 4069 254 4121 1
273 4081 344 4118 mea·
356 4065 458 4131 (fumat
468 4064 551 4131 mead)
563 4064 599 4115 G*
618 4080 687 4118 meas
699 4065 734 4116 0*
753 4068 761 4130 11
778 4064 885 4132 Ipsitilla
895 4083 932 4116 cu:
949 4064 1000 4130 ipsi
1017 4063 1081 4116 thila
1092 4063 1114 4115 G
1126 4063 1188 4126 [uA
1200 4063 1287 4117 Lacr.
