2714 4650
653 304 695 369 ao,
712 303 805 366 e-on,
822 303 839 355 n

337 477 470 556 Tamque
492 474 590 536 bouus
607 483 736 554 patruus
756 481 876 551 tamque
899 470 998 531 omnia
1019 469 1108 548 plena
1130 467 1236 548 puellis
1277 486 1278 489 ¹

382 561 529 640 cognatis,
553 578 644 639 quare
666 560 691 622 is
712 558 828 620 desinat
850 574 914 618 esse
937 551 1053 616 macer?

303 659 318 708 a
341 646 399 718 Qui
420 653 454 706 ut
476 645 549 706 nihil
572 645 713 723 attingat,
737 643 795 704 nisi
818 641 896 720 quod
919 641 962 701 ias
984 648 1105 719 tangere
1127 657 1190 699 non
1212 645 1265 710 est,

381 729 579 802 Quantumuis
603 748 694 809 quare
717 728 754 789 sit
776 744 875 788 macer
898 724 1044 786 inuenies.

339 963 495 1034 Nascatur
516 984 619 1045 magus
641 985 677 1026 ex
700 964 774 1027 Gelli
796 963 956 1042 matrisque
979 960 1108 1022 nelando

383 1052 526 1130 Coniugio
549 1064 579 1112 et
600 1051 693 1113 discat
713 1049 864 1130 persicum
885 1047 1081 1127 aruspicium:

338 1137 412 1200 Nam
435 1155 538 1215 magus
560 1154 596 1196 ex
618 1144 711 1197 matre
733 1143 763 1196 et
785 1141 874 1213 gnato
896 1132 1037 1212 gignatur
1060 1137 1187 1212 oportet,

383 1222 415 1284 Si
437 1240 508 1283 uera
531 1229 576 1282 est
597 1221 755 1282 Persarum
778 1218 867 1298 impia
888 1216 1012 1295 relligio,

304 1318 320 1367 5
342 1306 450 1368 Gratus
471 1314 505 1367 ut
526 1314 649 1385 accepto
671 1311 834 1367 ueneretur
855 1302 986 1363 carmine
1008 1301 1094 1362 diuos

384 1391 540 1452 Omeutum
562 1391 593 1450 iu
617 1391 732 1450 flamma
753 1389 864 1470 pingue
885 1386 1088 1466 liquefaciens.

213 1624 255 1695 91
342 1622 418 1692 Non
442 1626 518 1699 ideo,
541 1625 626 1700 Gelli,
649 1624 803 1705 sperabam
826 1634 855 1686 te
876 1623 948 1684 mihi
969 1623 1060 1684 fidum

384 1711 418 1772 lu
441 1711 548 1773 misero
570 1712 629 1772 hoc
651 1719 764 1785 nostro,
787 1712 845 1772 hoc
866 1708 982 1789 perdito
1004 1725 1104 1769 amore
1126 1708 1191 1768 lore

342 1796 429 1868 Quod
451 1805 481 1857 te
503 1815 679 1875 cognossem
703 1794 780 1857 bene
802 1802 1027 1857 constantemue
1048 1799 1184 1872 putarem

384 1881 442 1942 Aut
464 1899 552 1960 posse
573 1900 592 1941 a
613 1881 693 1961 turpi
715 1889 846 1942 mentem
868 1877 1004 1941 inhibere
1025 1876 1147 1958 probro,

307 1976 322 2026 u
344 1966 401 2028 Sed
424 1983 523 2044 neque
545 1964 625 2045 quod
648 1974 772 2028 matrem
794 1984 852 2027 neo
872 1982 1042 2044 germanam
1064 1981 1128 2024 esse
1149 1960 1283 2023 uideham

384 2050 469 2112 Hauc
490 2049 545 2111 tibi
566 2051 651 2112 cuius
672 2069 719 2111 me
740 2069 866 2131 magnus
887 2049 993 2111 edebat
1013 2067 1105 2110 amor.

341 2134 381 2196 Et
402 2136 538 2213 quamuis
558 2144 658 2196 tecum
680 2137 773 2198 multo
795 2136 996 2213 coniungerer
1017 2152 1082 2206 usu,
1178 2162 1181 2168 ·

384 2219 451 2279 Non
474 2219 544 2280 satis
566 2219 596 2279 id
619 2238 723 2280 causae
746 2219 928 2281 credideram
950 2237 1015 2281 esse
1036 2218 1100 2279 tibi.

340 2304 387 2365 Tu
409 2303 479 2365 satis
501 2303 531 2364 id
551 2303 648 2365 duxtiz
670 2312 786 2367 tantum
808 2304 861 2366 tibi
883 2305 1021 2383 gaudium
1044 2304 1075 2364 in
1098 2301 1180 2363 omni

293 2398 322 2451 1⁰
387 2387 478 2468 Culpa
501 2396 546 2450 est
567 2389 598 2449 in
622 2407 807 2470 quacumque
830 2399 874 2451 est
895 2389 1005 2468 aliquid
1027 2387 1157 2450 sceleris.

217 2620 261 2693 92
345 2620 457 2689 Lesbia
479 2626 519 2687 mi
541 2626 612 2688 dicit
633 2643 751 2705 semper
772 2624 848 2686 male
870 2643 927 2687 nec
949 2633 1028 2686 tacet
1049 2642 1189 2703 umquam

386 2710 429 2771 lle
450 2729 514 2773 me:
536 2710 641 2773 Lesbia
663 2729 710 2772 me
733 2710 898 2790 dispeream
920 2708 978 2772 nisi
999 2719 1085 2771 amat.

300 2897 415 2946 4mater
434 2895 459 2947 V
474 2892 483 2960 ΙΙ
501 2898 516 2947 5
534 2896 638 2962 attingit
655 2913 679 2946 oo
697 2895 821 2961 Scaliger
838 2894 849 2962 Ι
865 2897 880 2947 6
899 2893 928 2945 fit
948 2895 976 2947 V

300 2959 340 3015 Gi)
356 2962 535 3013 Intereta'ta'um
547 2966 651 3015 nullum
665 2965 694 3017 V
698 2966 708 3029 ΙΙ
721 2968 734 3016 1
749 2978 857 3029 magnus
871 2964 899 3016 V
905 2961 914 3030 ΙΙ
928 2966 943 3016 3
957 2975 1064 3027 magnus
1077 2960 1102 3011 V
1113 2959 1123 3023 Ι
1134 2959 1286 3026 opportetd

213 3031 224 3095 ll
242 3031 259 3081 4
277 3029 367 3094 religio
387 3029 416 3081 V
436 3030 447 3096 ΙΙ
471 3033 486 3082 5
509 3030 602 3084 Gratus
618 3031 685 3085 Luc.
704 3031 832 3083 Mueller:
859 3029 956 3083 Gnatus
979 3030 1005 3082 V
1029 3031 1038 3097 ΙΙ
1064 3031 1080 3080 6
1103 3026 1241 3080 Omnetum
1267 3026 1288 3078 G

215 3096 293 3158 Qnitd
313 3097 350 3147 0*
368 3095 377 3162 ΙΙ
393 3096 470 3147 llama
490 3097 512 3149 G

302 3162 337 3218 91
354 3161 534 3215 lntmtttium
551 3166 656 3216 nullum
674 3166 702 3219 V
724 3166 734 3234 ΙΙ
761 3168 890 3219 elenen
915 3179 1016 3217 nossem
1034 3164 1170 3215 Auenteua
1195 3163 1205 3231 p
1229 3165 1287 3225 4ο]

219 3238 264 3286 aut
283 3234 312 3286 V
318 3230 435 3354 putente
455 3232 475 3282 0
493 3233 502 3300 ll
520 3232 572 3284 58
642 3234 694 3286 uod
712 3249 760 3286 nee
778 3252 801 3286 u
819 3233 828 3302 ll
847 3238 862 3288 9
880 3235 905 3287 ἰη
925 3233 996 3286 duxti
1015 3232 1037 3285 G
1053 3231 1193 3285 induxtit)

299 3299 319 3355 9
354 3300 534 3352 interstitium
559 3301 664 3352 nullum
714 3321 723 3351 .·
760 3316 776 3352 η
798 3301 917 3355 Gesarem
934 3306 963 3353 io
980 3316 1067 3367 marg.
1088 3300 1143 3353 add
1159 3315 1189 3366 g,
1216 3298 1287 3350 deo

216 3384 243 3422 u.
261 3369 298 3421 ad
314 3384 341 3423 u.
358 3369 382 3422 t.
419 3369 519 3420 Gellius
543 3369 567 3433 7,
585 3368 659 3431 ta,2
687 3370 748 3421 Cum
776 3374 846 3422 esset
872 3371 978 3422 uerbum
1001 3359 1148 3436 ‘deprecor’
1175 3367 1288 3419 doctius-

216 3438 274 3490 cule
292 3438 404 3505 positum
422 3438 448 3490 in
466 3436 559 3489 Catulli
578 3437 697 3500 carmine,
721 3437 780 3503 quia
798 3437 824 3488 id
843 3438 985 3504 ignorabat,
1003 3437 1181 3505 frigidissimos
1198 3448 1289 3486 uersus

212 3519 275 3588 pase
293 3505 408 3569 dicebat,
436 3506 551 3557 omnium
573 3504 675 3571 quidem
702 3504 797 3556 iudicio
819 3507 1029 3570 uenustissimoe,
1057 3519 1121 3573 quos
1148 3502 1288 3569 subscripsi

224 3572 315 3624 Lesbia
333 3574 369 3625 mi
389 3573 496 3626 dicit-
511 3588 599 3626 uerum
617 3573 759 3639 dispeream
777 3572 825 3623 uisi
843 3565 924 3627 amo'.
950 3565 1102 3641 ‘Deprecor'
1119 3572 1168 3625 hoc
1185 3571 1212 3622 in
1231 3570 1288 3622 loeo

217 3640 257 3690 uir
281 3639 364 3693 bouus
388 3642 424 3694 ita
448 3656 506 3695 esse
528 3641 624 3694 dictim
648 3641 755 3709 putabat
776 3646 805 3692 ut
827 3640 976 3708 plerumque
994 3658 1008 3694 a
1026 3643 1104 3707 uulgo
1128 3639 1221 3692 dieitur
1241 3641 1288 3690 eet.

220 3711 232 3760 1
251 3706 328 3759 Esbia
348 3711 451 3774 (prima
469 3711 562 3761 littera
579 3713 656 3761 utin
674 3712 801 3762 eorruireia
818 3711 898 3760 initio
916 3712 1083 3761 rubricatori
1098 3709 1248 3772 reseruata)
1267 3705 1288 3755 0
1351 3750 1355 3758 .

112 3774 151 3842 οῖ’
216 3774 307 3826 Lesnia
325 3778 398 3838 (item
409 3793 436 3828 u.
447 3780 475 3842 2)
496 3778 575 3829 Gellii
594 3779 680 3831 Vatia.
697 3780 766 3831 5452
783 3795 804 3829 a.
822 3789 886 3829 xm
905 3779 997 3842 (ceteri
1015 3779 1077 3829 doni
1095 3777 1170 3829 codd¹
1187 3778 1218 3826 ire
1236 3776 1286 3825 boe

49 3850 57 3875 t
150 3863 158 3886 η
219 3842 299 3894 Gellii
312 3849 391 3908 perte
409 3846 547 3909 deficiunt)
564 3846 574 3909 ΙΙ
681 3865 704 3897 ω
723 3846 785 3899 Wes
815 3845 905 3896 balius
922 3844 932 3911 ΙΙ
948 3860 1060 3912 uuquam
1079 3845 1101 3898 G
1117 3845 1128 3914 l
1145 3846 1161 3896 2
1179 3842 1288 3896 amato

218 3910 491 3976 [DHLour.55‚l2
510 3912 679 3967 Varietate
738 3914 830 3966 elltua:
854 3927 913 3966 arno
937 3913 959 3966 G
983 3913 1068 3977 [AGA
1094 3929 1151 3965 amo
1176 3927 1233 3964 eaor
1253 3909 1286 3961 al.

217 3984 287 4030 amat
304 3979 327 4030 B
344 3994 402 4031 amo
421 3986 447 4032 et
463 3984 492 4031 ire
510 3996 596 4047 marg.
623 3980 649 4032 al
667 3986 735 4034 amat
758 3985 864 4046 (postea
890 3988 1026 4034 corrector
1049 3986 1114 4033 noto
1139 3978 1288 4044 marginali

218 4048 304 4099 deleta
320 4049 351 4098 ire
370 4052 447 4098 tectu
464 4063 523 4100 amo
540 4052 570 4100 ire
587 4053 657 4101 amat
673 4052 801 4116 mutauit)
819 4049 854 4112 t]
