2714 4650
498 294 539 357 92,
548 288 549 292 ’
557 291 649 358 3-95,
667 295 683 345 6
1083 293 1125 354 93

181 461 248 533 Quo
270 460 377 541 signot
399 463 467 541 quia
490 474 561 525 sunt
581 464 702 525 totidem
725 482 807 524 mea:
830 456 976 545 deprecor
996 466 1075 528 illam

224 547 355 623 Assidue
376 560 483 609 uerum
505 549 669 630 dispeream
691 549 748 610 nisi
770 568 846 610 amo.

53 832 96 902 93
180 829 235 900 Nil
257 834 382 896 nimium
404 835 519 909 studeo,
542 834 656 908 Caesar,
679 835 732 897 tibi
754 837 830 898 uelle
852 838 979 919 plaeere,

224 920 285 985 Nee
307 924 382 983 scire
404 929 504 982 utrum
526 921 566 982 sis
588 921 669 983 albus
690 940 727 982 an
750 934 812 984 ater
834 923 933 989 homo.

58 1204 98 1275 94
183 1203 318 1271 Mentula
340 1207 521 1269 moechatur.
557 1209 740 1270 moechatur
752 1211 883 1271 mentula
905 1221 994 1273 certe.

224 1292 288 1354 Hoo
311 1300 364 1368 est,
387 1292 466 1371 quod
488 1293 600 1368 dicunt,
623 1294 696 1374 ipsa
709 1295 789 1356 olera
812 1296 868 1356 olla
889 1296 968 1376 legit.
1022 1318 1023 1323 ¹

58 1578 96 1648 95
185 1577 316 1662 Zmyrna
338 1581 397 1642 mei
420 1576 531 1643 Cinnae
554 1601 665 1643 nonam
686 1592 755 1662 post
776 1583 905 1663 denique
927 1603 1053 1647 messem

225 1665 320 1737 Quam
343 1674 446 1746 coepta
468 1675 514 1728 est
535 1684 666 1746 nonamq
689 1686 705 1728 e
727 1667 804 1729 edita
824 1688 863 1748 po
881 1677 893 1729 t
913 1669 1051 1745 hiemem,

182 1750 260 1812 Milia
283 1769 351 1812 cum
373 1751 485 1812 interea
508 1686 951 1874 quingentad'llortensiusiuno

146 1931 161 1982 5
183 1920 307 2001 Zmyrna
328 1939 415 1984 cattas
437 1921 570 1984 Satrachi
591 1922 711 2001 penitus
731 1922 865 1984 mittetur
885 1923 922 1984 ad
943 1924 1046 1998 undas,

226 2005 379 2086 Zmyrnam
403 2024 477 2068 nana
498 2006 548 2068 diu
571 2006 687 2069 saecula
708 2008 893 2087 peruolumt.

141 2193 157 2244 3
176 2195 235 2244 etl
257 2193 355 2242 natent
378 2191 478 2244 Gellius
500 2196 527 2242 et
549 2192 570 2243 0
592 2192 624 2255 [L
648 2195 707 2258 (seo.
725 2194 770 2258 m.)
792 2194 950 2247 PAmbros.
970 2193 1030 2245 167
1049 2193 1124 2246 Harl.

59 2260 122 2312 2374
151 2261 236 2312 Poma.
261 2261 341 2313 8252.
367 2262 437 2313 8856
467 2260 691 2312 Omnmeltntanua
715 2261 811 2314 Drasd.
837 2261 924 2314 Laud.
951 2261 1067 2327 Vincet,
1094 2264 1125 2314 im

59 2329 179 2379 Ambros.
196 2340 215 2380 D
232 2329 266 2380 24
289 2331 314 2377 ei
332 2331 449 2393 poat‘96‚
465 2331 481 2382 6
499 2330 647 2394 legentum:
667 2345 711 2379 eos
728 2331 854 2380 omittunt
872 2329 894 2381 d
912 2329 1124 2393 [Alternum.

59 2398 108 2462 pr.)
132 2396 163 2446 A
184 2395 269 2447 Later.
286 2397 337 2459 55,
359 2395 392 2448 42
418 2399 503 2448 Paria.
526 2398 590 2448 7990
615 2396 738 2448 Rieeard.
760 2400 807 2449 ⁶06
834 2398 921 2449 Vatia.
943 2398 1008 2450 4650
1036 2398 1125 2450 Cattae.

60 2465 183 2515 Battann.
200 2464 286 2516 44674.
302 2464 383 2515 mam
405 2464 491 2516 Bura.
503 2464 563 2528 455]
581 2465 622 2532 113
642 2466 701 2532 quia
720 2465 814 2516 suntO
832 2465 1020 2530 [dtm.aeo.)P
1033 2466 1125 2517 Amba.

59 2532 119 2586 167
144 2532 220 2583 Harl.
238 2533 323 2583 earu.
340 2533 421 2584 8252.
437 2534 507 2586 8256
531 2533 628 2586 Dread.
646 2533 731 2584 Laud.
752 2533 876 2595 Vieemi:
904 2533 964 2599 quia
987 2533 1027 2584 sin
1047 2533 1126 2584 Gellii

61 2601 145 2651 Vetto.
161 2601 230 2654 5452
247 2601 533 2666 a.x111(etSetoppii
549 2606 626 2652 uetus
644 2600 737 2664 eodem)
755 2616 820 2666 quas
837 2600 891 2664 (uel
908 2600 990 2667 quasi)
1007 2601 1033 2652 in
1048 2600 1126 2651 Gellii

59 2671 139 2719 ceteri
160 2667 171 2732 ΙΙ
193 2666 282 2719 eadem
298 2666 402 2720 Rieetus
418 2668 428 2734 ΙΙ
444 2683 501 2720 mea
519 2669 651 2732 [Commod
670 2667 755 2719 Laud.
774 2668 877 2719 Vivent.
895 2670 1016 2719 Ambrae.
1033 2680 1053 2719 u
1068 2670 1124 2732 24]ε

58 2751 86 2788 ea
106 2737 127 2787 0
144 2735 177 2799 [L
193 2737 238 2798 (m.
256 2738 316 2800 aee.)
333 2737 358 2787 P
375 2738 496 2788 Ambros.
514 2738 575 2789 167
599 2737 675 2788 Harl.
698 2736 802 2798 ursan]
830 2740 855 2786 et
881 2737 945 2786 libri
970 2735 1049 2787 Gellii
1075 2739 1124 2799 [me

58 2806 142 2856 Parte.
159 2805 231 2856 8252
249 2818 315 2870 quae
333 2808 359 2854 st
375 2807 404 2854 tn
421 2819 508 2869 marg.
525 2819 581 2855 mea
599 2806 678 2856 Paris
690 2803 769 2866 8256]
788 2803 847 2870 quia
866 2804 949 2855 sentio
966 2802 1047 2856 idem:
1065 2819 1124 2856 nam

58 2871 245 2924 Froaltlielttna
261 2871 271 2938 fl
289 2874 305 2924 4
323 2886 411 2923 nemin
429 2874 493 2923 libri
505 2872 599 2924 Getttt:
616 2887 677 2924 nero
689 2871 743 2937 tud)
756 2872 777 2922 0
789 2872 821 2936 [L
832 2875 876 2937 (m.
887 2873 948 2939 soe.)
958 2875 1043 2925 Paris.
1052 2875 1124 2927 8252

58 2955 108 2992 nou
124 2941 246 2992 Ambrae.
266 2939 327 2993 167
342 2941 418 2992 Harl.
435 2941 539 3004 Πνυκὶ]

141 3006 368 3062 931ntsratittum
379 3009 484 3060 mullum
497 3009 528 3061 V.
547 3008 732 3072 Quintilianus
742 3009 805 3060 inat.
817 3012 886 3061 orat.
898 3008 938 3074 44,
949 3009 974 3072 4,
985 3010 1021 3062 58
1037 3007 1121 3076 Negat
1176 3025 1177 3031 ¹

57 3090 84 3128 se
106 3076 193 3141 magni
215 3074 299 3128 faeere
322 3076 414 3143 aliquis
442 3080 574 3143 poetarum
596 3080 680 3128 utrum
704 3076 797 3129 Caesar
819 3080 874 3128 ater
895 3093 929 3129 an
951 3078 1025 3129 albus
1047 3078 1124 3130 homo

57 3144 104 3208 sit,
127 3144 240 3196 insania:
262 3149 335 3196 uerte
352 3149 382 3196 ut
399 3143 467 3197 idem
485 3145 577 3197 Caesar
594 3144 626 3197 de
643 3145 689 3196 illo
706 3143 812 3209 dixerit,
836 3144 986 3212 adrogantia
1008 3150 1048 3198 est
1072 3143 1082 3212 ΙΙ
1109 3149 1121 3198 1

57 3211 125 3264 belle
145 3212 270 3278 lsaonerlt
289 3213 305 3263 2
322 3211 345 3264 si
363 3227 408 3264 ore
425 3210 509 3265 utrum
527 3212 549 3264 si
567 3212 653 3265 saluus
671 3228 702 3265 an
721 3212 786 3265 alter
804 3213 833 3265 V
856 3241 857 3244 ¹

141 3294 180 3350 tl
196 3297 373 3347 interstitium
390 3296 495 3347 nullum
514 3297 543 3349 V
553 3296 562 3365 ΙΙ
586 3282 742 3366 lMentulia
771 3300 886 3362 (peneto
913 3296 968 3346 add
995 3295 1038 3360 G¹)
1065 3294 1087 3346 G
1114 3297 1124 3364 fl

57 3363 187 3416 mechatur
204 3366 245 3415 bis
264 3364 293 3416 V
311 3366 321 3434 i
348 3364 442 3417 metnla
461 3364 497 3415 0*
514 3365 639 3435 mentula:
657 3370 734 3418 certe
753 3365 876 3430 Scaliger
898 3362 1036 3415 mentula.
1055 3367 1123 3415 certe

57 3430 109 3484 lloe
126 3435 168 3484 est
185 3431 301 3483 Kastina

139 3498 178 3555 95
199 3501 378 3551 interstitium
403 3500 507 3552 nultum
531 3500 560 3553 V.
595 3501 787 3568 Pattargyrsos
812 3499 850 3549 ud
875 3497 955 3563 Verg.
979 3497 1026 3548 eol.
1046 3501 1072 3561 9,
1088 3500 1124 3552 55

56 3567 134 3619 Cinna
153 3567 288 3636 Smyrnam
311 3569 428 3635 scripsit,
455 3583 532 3635 quam
554 3583 650 3620 nonum
675 3573 735 3635 post
758 3581 865 3629 annum,
891 3569 920 3617 ut
942 3565 1056 3618 Catullus
1080 3567 1123 3634 ait,

57 3635 144 3687 edidit
161 3635 189 3687 id
207 3636 275 3704 quod
294 3641 320 3689 et
338 3635 508 3697 Quintilianus
526 3635 576 3704 [44],
587 3639 612 3700 4,
622 3638 647 3699 4]
665 3637 702 3686 ait
719 3633 764 3698 (os.
777 3638 914 3685 comment.
932 3635 1025 3686 Horat.
1044 3635 1123 3701 Cruq.

53 3718 81 3768 p.
96 3705 158 3767 658)
175 3704 186 3772 Ι
203 3708 216 3756 1
236 3704 337 3755 Zinirna
355 3705 383 3757 V
396 3704 404 3771 ΙΙ
422 3705 491 3757 crine
511 3705 547 3755 0*
564 3703 573 3769 d
589 3710 671 3755 msam
690 3702 727 3752 0*
743 3702 753 3771 ΙΙ
770 3704 786 3754 2
805 3705 878 3767 cepta
899 3703 928 3755 V
938 3701 948 3768 ΙΙ
964 3702 1083 3770 hyemem
1103 3703 1125 3755 G

56 3773 97 3837 113
115 3770 195 3824 Millia
216 3771 306 3839 Gflin
324 3776 405 3824 terrea
425 3772 463 3824 G*
480 3772 489 3840 ΙΙ
506 3772 634 3824 ortensius
648 3770 668 3820 0
681 3771 733 3834 [D].
763 3771 795 3820 de
807 3773 921 3822 ueritate
932 3787 958 3822 u.
976 3770 1124 3823 Hortensius

56 3839 135 3889 multa·
152 3833 354 3892 duds‘tauermnt.
383 3839 510 3893 Tanusius
527 3854 579 3891 uno
591 3837 782 3890 Versiculornm
795 3853 863 3890 anno
881 3839 999 3906 quolibet
1016 3838 1123 3891 ediderit

57 3905 246 3959 Frostltolttm
264 3907 414 3960 Hortensius
432 3923 484 3960 uno
502 3907 609 3960 miretur
626 3904 716 3959 Volusi
736 3907 847 3958 carmina
864 3907 931 3959 taeta
950 3907 991 3959 die
1008 3909 1103 3974 Petpor
1115 3905 1125 3973 ΙΙ

56 3976 266 4027 linterstitium
291 3977 395 4027 nultum
421 3977 446 4029 V
466 3977 476 4043 {l
500 3975 632 4029 ozinima
656 3990 733 4027 canas
751 3973 803 4043 Vl
826 3975 939 4028 saeraohi
967 3974 1005 4027 G*
1029 3976 1039 4044 ΙΙ
1065 3975 1125 4026 init·

57 4046 124 4095 tetur
143 4042 182 4095 G*
198 4040 209 4108 4
226 4046 241 4096 6
260 4044 387 4096 Zinirnam
407 4045 437 4097 V
446 4043 456 4112 ΙΙ
472 4044 601 4110 pernoluit
621 4044 651 4096 V
