2738 4672
151 1091 224 1154 Cum
243 1091 351 1154 Catulli
369 1103 450 1155 teatu
473 1098 524 1174 qui
543 1093 627 1172 infra
649 1095 755 1175 lenitur
776 1098 809 1155 in
823 1093 875 1156 bae
889 1095 1011 1158 editione
1024 1094 1140 1157 collatos

63 1175 184 1239 eabibni
203 1177 282 1241 besee
304 1178 375 1240 eluas
396 1178 517 1241 codices:

66 1262 90 1324 G
133 1263 222 1324 cetea
235 1272 276 1324 est
286 1266 455 1343 parisiensis
473 1265 573 1328 14137
598 1263 680 1340 (olim
701 1268 1028 1344 sanoernranensis
1046 1266 1140 1341 1165)

134 1348 381 1420 membranaceus,
409 1349 486 1411 altus
513 1350 637 1421 0,243''¹,
667 1349 743 1412 latus
764 1350 889 1422 0,169'”,
917 1350 1059 1429 foliorum
1087 1351 1138 1413 36.

131 1437 257 1513 poyinae
270 1433 399 1513 unynlae
413 1453 515 1496 uersus
530 1436 570 1498 33
592 1433 702 1496 babent.
733 1438 858 1496 eontinet
870 1434 965 1496 solam
984 1433 1138 1496 Catullum.

134 1521 167 1578 in
188 1518 240 1597 fol.
264 1519 317 1581 36”
338 1518 507 1600 subscriptio
536 1528 660 1581 onerata
687 1528 727 1580 est
752 1538 838 1600 quam
862 1538 894 1598 p.
919 1522 976 1583 101
1002 1523 1139 1581 inuenies.

135 1603 212 1664 uncle
241 1602 349 1665 librum
371 1612 479 1666 constat
502 1604 546 1665 elie
571 1602 622 1665 19⁰
643 1608 748 1664 mensis
770 1603 892 1664 octobris
913 1622 941 1665 a.
962 1606 1059 1675 1375,
1085 1623 1139 1683 quo

136 1687 180 1748 elie
204 1687 402 1765 Gasiynorius,
422 1689 555 1767 princeps
582 1686 723 1758 Veronae,
745 1696 878 1748 mortuus
900 1697 948 1757 est,
975 1687 1101 1748 Veronae
1122 1707 1141 1748 a

135 1770 230 1832 scriba
251 1771 413 1832 absolutum
435 1789 500 1832 essc.
545 1774 690 1850 scriptura
715 1770 816 1832 coelicis
840 1773 968 1848 pristina
989 1769 1038 1847 (6)
1060 1789 1142 1850 saepe

137 1859 251 1916 rasuris
279 1865 306 1915 et
328 1857 499 1916 correcturis
519 1856 623 1936 affecto
645 1863 672 1915 et
693 1857 787 1915 uariis
809 1854 976 1915 lectionibus
998 1859 1142 1916 instructa

65 1939 100 2001 θ’
135 1951 191 2000 est:
224 1956 348 2019 quarum
374 1938 482 2000 multae
508 1942 599 2018 ipsius
628 1956 734 1999 anantes
761 1942 876 2018 primae
904 1937 965 2016 (6¹)
993 1949 1046 2001 aut
1073 1950 1142 2002 sunt

136 2033 188 2084 aut
209 2041 266 2084 esse
281 2023 427 2084 ua'elentur.
461 2023 536 2085 aliae
555 2023 702 2104 plurimae
720 2022 856 2084 debeatur
870 2027 1026 2086 correctori
1041 2028 1141 2104 priona

62 2128 82 2187 9
134 2125 225 2169 mann
246 2106 293 2187 (G,
318 2107 365 2183 6¹)
383 2107 483 2188 paullo
501 2110 656 2171 recentiori
675 2108 725 2187 (a).
759 2125 870 2187 paucae
891 2119 960 2170 sunt
981 2113 1141 2171 recentissi-

62 2215 83 2274 y
135 2194 272 2272 nuely).
316 2211 379 2253 cunr
402 2196 434 2253 in
455 2193 579 2272 singulis
608 2192 781 2254 locistlsaucl
801 2211 871 2254 raro
902 2193 1075 2273 difficillime
1095 2195 1142 2255 ‹li-

134 2281 232 2357 9aosci
249 2281 341 2357 possit
354 2297 426 2358 auae
435 2287 536 2357 partes
557 2287 610 2340 aut
626 2278 744 2340 librarii
757 2276 803 2353 (G,
821 2276 867 2351 (3¹)
883 2287 935 2339 aut
949 2289 1141 2341 correctorum

138 2363 412 2442 (01707011ῑο6
440 2367 549 2425 anirum
578 2381 639 2424 nan
663 2363 800 2442 estquod
827 2380 928 2424 eorum
956 2367 1007 2442 qui
1033 2364 1141 2424 librum

136 2451 380 2509 oraminaucruut
408 2447 517 2508 iudicia
542 2465 624 2528 saepe
651 2450 729 2508 inter
753 2465 782 2507 se
810 2447 979 2526 discrepant.
1006 2482 1040 2492 -
1065 2447 1141 2527 folia

137 2534 194 2594 35¹⁴
209 2541 236 2592 et
251 2533 304 2594 36'
319 2532 372 2609 (τ-
387 2550 409 2593 e.
429 2535 498 2602 110,
516 2532 651 2603 7-116,
668 2532 686 2594 8
703 2548 768 2592 cunc
782 2530 999 2609 subscriptione)
1014 2535 1047 2591 in
1060 2531 1138 2592 Aeac.

140 2615 303 2677 Chatelaaii
332 2616 573 2696 palaeaorapbiae
601 2615 785 2678 classicorum
815 2615 974 2676 urinarum
1005 2614 1141 2691 (Parisiis

139 2701 232 2777 1884)
255 2701 310 2762 tab.
334 2709 374 2756 XV
391 2702 460 2762 solis
482 2720 533 2781 opo
555 2701 695 2778 leonina
716 2708 793 2760 sunt.
826 2708 943 2779 praeter
963 2700 1050 2761 buius
1072 2699 1142 2762 libri

137 2784 303 2846 collationes
333 2805 352 2846 a
381 2783 551 2846 Rossbacbio
581 2784 683 2845 Ellisr'o
712 2783 882 2846 Bnebrensio
910 2785 999 2846 editas
1023 2794 1139 2864 praesto

134 2869 207 2931 anibi
234 2869 295 2948 fuit
323 2869 436 2930 collatio
464 2889 483 2930 a
510 2868 590 2930 Fricl.
614 2867 764 2929 Duebnero
793 2868 863 2930 olim
889 2869 962 2931 mibi
988 2870 1141 2950 eliliyenter

137 2952 281 3029 confecta,
312 2955 411 3016 elcincle
438 2953 551 3015 collatio
574 2972 593 3013 a
614 2952 696 3014 Man.
717 2954 846 3016 Bonneto
867 2973 894 3016 a.
918 2955 997 3018 1876
1020 2973 1141 3017 usura-

135 3042 243 3100 tissime
263 3040 359 3118 (acta,
389 3042 470 3099 euius
490 3056 576 3099 usurn
603 3042 653 3111 uir
682 3039 859 3100 doctissimus
887 3038 1043 3100 liberaliter
1069 3039 1143 3101 mibi

138 3126 272 3184 concessit
295 3125 345 3203 (cf.
370 3140 441 3202 quae
462 3123 622 3196 bonactus,
644 3141 730 3184 revue
752 3126 871 3204 critique
893 3122 1038 3185 cl’leistoire
1059 3134 1085 3185 et
1107 3125 1141 3186 oe

136 3208 298 3279 litte'rature
323 3209 402 3269 1877
430 3209 456 3278 1,
481 3209 537 3279 57,
567 3207 599 3268 cle
628 3207 678 3271 boe
704 3208 796 3269 coelice
824 3211 928 3288 optime
958 3208 1138 3287 disputante).
1234 3219 1237 3224 ·

135 3294 253 3372 denique
282 3295 341 3372 ipse
369 3292 489 3353 codicem
521 3291 681 3371 Tubinyam
708 3292 783 3354 anibi
808 3292 1013 3354 boemanissirnc
1041 3302 1140 3354 trans-

135 3381 255 3438 anissurn
278 3395 304 3438 a.
324 3377 405 3440 1877
429 3376 545 3438 contuli.

66 3461 92 3522 0
136 3462 224 3524 eaden
246 3465 470 3523 ananiensis
492 3461 573 3537 (olion
596 3462 742 3537 uenatus),
771 3465 846 3521 inter
868 3458 1048 3521 bibliothecae
1070 3459 1139 3522 bocl-

137 3546 247 3608 leianoe
263 3546 352 3608 libros
369 3550 571 3610 canoniciauos
587 3549 627 3609 30
644 3547 692 3625 (cf.
709 3546 796 3607 Coaii
809 3544 892 3606 catal.
909 3545 986 3606 codd.
999 3543 1137 3606 basileion.

138 3632 166 3702 3,
186 3632 257 3707 124)
273 3631 511 3702 membranaceus,
526 3631 603 3692 altus
621 3633 723 3702 0,27m,
739 3631 814 3692 latus
829 3631 931 3700 0,20m.
968 3629 1043 3708 folia
1057 3627 1139 3691 babet

137 3717 176 3778 37
199 3734 339 3777 uersuum
361 3718 411 3779 31.
449 3720 574 3778 continet
602 3734 695 3777 naum
716 3714 870 3777 Catullum.
908 3717 985 3776 circa
1006 3733 1034 3775 a.
1056 3717 1137 3778 1400

136 3805 259 3881 scriptus
280 3819 337 3862 esse
359 3800 483 3863 uidetur.
520 3799 627 3880 solium
650 3801 706 3862 26ιι
729 3803 782 3876 (=
796 3818 819 3861 e.
836 3800 886 3871 04,
902 3800 1084 3874 336-366)
1106 3803 1138 3859 in

137 3884 233 3947 Ellisii
254 3885 377 3947 editione
399 3885 491 3948 altera
508 3904 539 3964 p.
558 3886 619 3947 146
641 3885 710 3947 salis
724 3903 776 3966 ope
798 3885 969 3964 nosnatura
991 3894 1039 3944 est.
1073 3893 1138 3963 post

136 3968 270 4034 Ellisinrn
292 3980 318 4032 et
337 3970 550 4043 Baebrensiuno,
573 3988 696 4050 quorum
717 3989 799 4032 suam
821 3978 939 4049 uterque
960 3967 1137 4030 collationem

897 4082 911 4118 a
918 4065 934 4100 *
