2738 4672
523 299 563 361 29,
582 301 672 362 9-3o‚
692 302 708 352 t

210 468 335 529 Cinaede
358 468 491 544 Romule,
514 469 586 530 haec
608 470 722 532 uidebis
744 480 773 531 et
795 469 893 533 feres?

159 563 187 614 to
209 553 248 615 Es
269 553 435 634 impudicus
458 563 488 615 et
510 573 601 615 uorax
623 564 652 616 et
673 555 746 617 aleo.

209 638 292 700 Eone
315 639 446 714 nomine,
468 639 629 718 imperator
652 641 747 716 unice,

209 723 301 786 Fuisti
322 724 353 784 in
377 723 477 784 ultima
500 725 661 786 occidentis
683 726 788 799 insula,

208 808 245 869 Vt
266 809 320 870 ista
341 817 441 870 nostra
464 809 597 871 diffututa
620 812 750 872 mentula

208 894 367 955 Ducentics
389 903 534 956 comesset
554 904 604 955 aut
624 893 803 957 trecenties?

159 989 186 1039 15
209 978 285 1049 Quid
307 988 352 1040 est
374 979 424 1040 alit
446 979 562 1041 sinistra
585 979 765 1043 liberalitas?

208 1064 314 1125 Parum
337 1065 502 1144 expatrauit
523 1084 560 1126 an
584 1083 687 1144 parum
710 1067 835 1128 elluatus
857 1064 933 1145 estll

208 1149 333 1210 Paterna
355 1150 451 1229 prima
473 1150 619 1211 lancinata
641 1160 710 1212 sunt
732 1151 826 1212 bona:

207 1235 342 1295 Secunda
364 1235 472 1314 praeda
493 1236 628 1315 pontica:
651 1236 720 1297 inde
744 1237 828 1297 tertia

208 1319 325 1394 Hibera,
348 1338 435 1398 quam
458 1320 513 1381 scit
535 1321 628 1382 amnis
650 1321 759 1383 aurifer
781 1322 887 1402 Tagus.

157 1413 185 1464 20
207 1403 295 1466 Nunc
317 1405 426 1466 Galliae
448 1406 569 1467 timetur
591 1415 620 1467 et
641 1406 819 1468 Britanniae.

206 1489 283 1560 Quid
305 1490 385 1551 hunc
409 1490 516 1551 malum
538 1489 667 1553 iouetis?
690 1500 740 1553 aut
762 1492 832 1571 quid
854 1493 903 1554 hic
926 1500 1024 1571 potest

206 1575 267 1636 Nisi
290 1583 378 1635 uncta
401 1575 544 1636 deuorare
567 1574 764 1656 patrimonia?
871 1583 878 1596 ⁴

206 1659 288 1721 Eone
311 1661 432 1721 nomine
454 1661 536 1722 urbis
558 1660 578 1741 †
601 1661 822 1740 opulentissime

206 1745 298 1807 Socer
320 1763 472 1823 generque
494 1745 660 1824 perdidistis
682 1744 802 1822 omnia?

205 1960 317 2041 Alfene
340 1963 495 2024 immemor
516 1972 604 2042 atque
626 1964 774 2025 unanimis
795 1964 870 2042 salse
892 1963 1051 2037 sodalibus,

207 2047 266 2107 lam
290 2056 318 2109 te
341 2048 386 2109 nil
406 2048 534 2123 miseret,
557 2050 640 2124 dure,
662 2050 704 2111 tui
728 2049 820 2110 dulcis
842 2046 981 2110 amiculi‘l

207 2167 265 2228 lam
289 2187 336 2229 me
359 2169 495 2248 prodere,
517 2169 575 2230 iam
598 2189 658 2231 non
679 2169 795 2231 dubitas
818 2170 927 2242 fallere,
950 2168 1074 2249 perfide:

205 2253 282 2314 Num
302 2254 378 2315 lacta
399 2254 488 2333 impia
509 2255 644 2331 fallacum
666 2255 820 2316 hominum
844 2254 989 2316 caelicolis
1011 2251 1151 2334 placent?

166 2421 196 2470 10
214 2419 247 2471 Es
260 2448 293 2458 -
306 2436 339 2472 uo
357 2424 386 2472 in
403 2438 501 2472 rasura
515 2422 560 2476 0*.
590 2439 616 2475 n.
629 2423 659 2473 lO
678 2425 805 2474 carminis
823 2423 947 2473 ultimum
962 2421 1047 2483 fuisse
1064 2428 1155 2472 censet

79 2487 189 2537 lobnins
207 2492 307 2539 eeteros
324 2505 396 2541 nono
414 2492 530 2540 carmini
546 2491 695 2541 attribuens
715 2491 723 2556 ΙΙ
748 2492 777 2544 13
797 2495 882 2541 nostra
900 2488 1018 2542 diffutura
1038 2490 1067 2540 V
1079 2489 1150 2541 delu-

78 2557 133 2606 tuta
151 2554 340 2608 Loebmonmas
355 2555 364 2624 ss
386 2559 415 2609 14
433 2557 572 2610 llucencies
587 2558 607 2608 0
624 2559 633 2622 tl
651 2563 776 2610 comerset
787 2558 823 2609 0*
841 2560 955 2609 cumeset
971 2557 1008 2608 G*
1025 2554 1035 2623 l
1052 2561 1151 2609 trecen·

79 2622 130 2674 cies
151 2621 197 2692 0ss
216 2627 246 2677 15
266 2623 318 2676 alid
336 2625 477 2692 Auiones,
494 2625 578 2690 uulgo
597 2624 663 2685 Quid
681 2627 757 2677 istum
776 2625 822 2676 alit
839 2625 948 2676 Pollius
964 2622 974 2692 ΙΙ
997 2626 1028 2677 16
1046 2623 1150 2676 Parium

80 2690 116 2740 0*
133 2688 144 2757 1
160 2692 304 2756 expatrauit
322 2688 478 2745 ἐπετέλεσεν
493 2694 583 2758 glossa
595 2692 712 2744 Lethaei
727 2710 754 2760 p.
766 2689 837 2758 69⁶1}
856 2695 885 2744 ll
905 2692 984 2759 prima
998 2692 1150 2743 Acontius:

77 2757 160 2824 primii
179 2759 207 2811 V
219 2758 230 2828 Ι
249 2762 281 2813 18
300 2760 375 2812 tercia
389 2760 417 2812 V
429 2760 439 2829 ll
460 2764 489 2814 19
507 2760 608 2828 llybera
627 2762 666 2824 (in
679 2760 718 2828 lly
736 2761 968 2826 quindenorum,
984 2777 1035 2826 pro
1053 2777 1072 2828 y
1089 2767 1151 2812 unte

76 2824 168 2891 fuiti)
189 2825 317 2879 GLibera
338 2826 468 2896 O*lscit
488 2829 537 2879 0*.·
556 2829 590 2879 sit
609 2827 741 2894 Gllamni
761 2828 789 2880 V
807 2826 816 2896 ΙΙ
839 2827 930 2880 thane
950 2827 971 2879 G
992 2828 1003 2896 Ι
1027 2831 1058 2880 20
1077 2827 1150 2881 llunc

76 2893 155 3013 gallie
173 2895 291 2961 timetis,
310 2896 381 2962 quod
398 2900 515 2959 corraei,
533 2899 596 2946 item
608 2895 797 2947 Froebliebins
814 2900 840 2946 et
889 2898 1041 2962 astplzulius.
1076 2895 1150 2951 Nunc

99 2961 173 3014 alliae
189 2963 287 3029 timent,
305 2964 395 3016 timent
408 2963 552 3016 Britanniae
565 2963 647 3028 (timet
658 2963 787 3016 Britannia
801 2965 859 3030 alia]
871 2965 984 3016 Paccius
1005 2965 1078 3017 Nunc
1090 2965 1150 3018 Gal-

75 3028 126 3081 liae
144 3034 263 3084 tenentur
280 3035 307 3083 et
324 3031 471 3084 Britanniae
488 3031 644 3082 fflddaekius
673 3031 746 3084 Nunc
763 3031 860 3084 Galliae
879 3033 989 3086 minatur
1007 3036 1033 3085 et
1050 3033 1149 3085 Britan-

75 3095 134 3149 niae
148 3099 240 3162 Peiper
267 3098 339 3152 Nunc
352 3099 432 3152 Gallia
451 3102 492 3150 est
509 3101 535 3151 et
551 3099 640 3151 ultima
655 3098 784 3153 Britannia
800 3100 948 3153 Seboeliins
974 3101 1035 3153 Eine
1052 3101 1149 3153 Galliae

76 3163 174 3230 optima
184 3172 210 3215 et
219 3164 364 3219 Britanniae
373 3168 552 3218 Baebrensins
567 3182 644 3235 quem
654 3168 705 3220 scit
715 3183 737 3221 a.
749 3184 771 3220 a.
782 3167 868 3236 Tagus
880 3169 912 3221 ttt
922 3173 999 3221 uncta
1012 3167 1093 3220 Gallia
1112 3169 1150 3220 ul-

76 3231 139 3283 tima
158 3233 184 3283 et
202 3231 330 3286 Britannia
348 3235 481 3300 Bergidus
507 3234 538 3286 nt
555 3235 638 3287 hunce
656 3236 883 3304 (EunceHepsins)
900 3237 997 3290 Galliae
1016 3240 1041 3288 et
1059 3237 1149 3287 timent

76 3299 224 3352 Britanniae
234 3300 390 3367 Spengeiins
416 3302 447 3354 Et
457 3302 547 3355 huicne
558 3303 639 3356 Gallia
649 3308 676 3356 et
684 3309 764 3357 metet
772 3305 903 3358 Britannia
912 3305 1008 3356 Munro
1017 3303 1026 3371 il
1038 3306 1067 3356 21
1081 3303 1149 3354 hunc

75 3367 191 3434 (malam)
210 3368 335 3422 louetisw
352 3371 362 3438 p
380 3370 431 3433 hic]
449 3371 529 3423 hieV
540 3369 549 3440 ΙΙ
568 3373 670 3425 21-24
683 3377 747 3441 post
763 3375 793 3424 lo
811 3373 954 3425 collocavit
965 3368 1149 3436 Mommsenns,

76 3438 179 3489 23-24
196 3437 286 3488 eodem
304 3440 513 3504 transponendus
526 3457 578 3491 esse
590 3456 639 3506 ego
653 3445 755 3496 conieci
771 3442 781 3509 p
797 3443 829 3493 23
848 3440 916 3492 orbis
928 3440 1060 3503 Hauptius
1076 3437 1086 3506 ll
1103 3453 1149 3506 op-

75 3505 285 3572 pulentissimeO
308 3522 323 3559 o
337 3507 458 3571 piissimei
470 3509 600 3575 Hauptins
626 3524 642 3560 o
654 3509 767 3576 piissime
777 3508 965 3560 Laciniannus
991 3506 1060 3557 urbis
1074 3523 1089 3558 o
1102 3523 1148 3574 po-

75 3573 184 3624 tissimei
202 3573 386 3626 LneMnedea,
413 3591 448 3626 an
466 3576 568 3640 orbis-⁴0
586 3576 764 3660 probissimeii
781 3576 790 3644 ΙΙ
812 3578 845 3628 24
865 3575 945 3639 Verg.
963 3574 1101 3639 catelii
1119 3579 1147 3627 ut

75 3640 119 3692 ille
137 3655 227 3694 uersus
245 3658 326 3710 usque
344 3657 446 3710 quaque
464 3642 575 3712 per‘tinet
601 3644 683 3696 Gener
701 3658 825 3710 socerque
843 3641 989 3710 perdidistis
1007 3637 1101 3695 omnia’

160 3707 198 3777 30
214 3710 392 3762 [interstitium
403 3712 508 3763 nullum
518 3713 550 3764 V.
576 3710 614 3762 Ad
627 3710 771 3777 Alphenum
780 3726 801 3775 g
819 3713 848 3761 in
860 3725 945 3776 marg.
960 3709 1071 3762 Coronen
1083 3713 1112 3762 in
1124 3712 1152 3764 V

74 3771 138 3828 κατῖ
162 3781 266 3912 capnos
281 3783 411 3845 seriptum
428 3779 615 3831 bethmannus
635 3781 665 3828 in
681 3782 806 3844 strophas
822 3794 948 3830 uerutum
965 3781 1089 3832 binariam
1107 3779 1148 3830 di-

72 3846 183 3911 scripsit
229 3850 239 3899 l
256 3847 376 3926 fllphene
394 3847 418 3899 V
424 3847 447 3965 p
459 3854 567 3900 imemor
580 3847 608 3897 V
620 3844 629 3914 ll
648 3846 714 3898 salse
727 3847 755 3899 V
768 3845 810 3965 Ψ
829 3846 907 3914 nichil
921 3846 942 3898 G
959 3846 988 3899 nl
1004 3847 1024 3898 0
1040 3847 1051 3917 l
1068 3848 1147 3900 biam

74 3927 126 3964 non
144 3927 184 3964 me
203 3912 304 3967 dubitas
323 3915 347 3967 V
363 3913 407 3983 14
448 3930 464 3966 ιι
535 3916 565 3968 ri
608 3912 687 3967 :Nec
702 3915 733 3967 V.
792 3916 1038 3968 uncBaeltrensius.
1072 3916 1147 3966 Duos

72 3995 119 4030 uu.
138 3984 200 4031 unte
216 3983 232 4032 4
251 3984 379 4034 excidisse
397 3985 512 4035 coniecit
554 3983 648 4036 llisiets.
676 3985 729 4034 det
740 3986 757 4035 i
765 3987 828 4050 post
839 3984 872 4037 ta
885 3986 1051 4051 transposuit
1061 3982 1146 4034 Laeb-

70 4062 187 4099 mannus

1162 3337 1240 3456 93?
1251 3366 1365 3443 ilva*-
