2714 4650
503 290 545 354 or,
562 289 688 355 o—oar
776 274 777 280 ‘

231 454 372 536 Gingiuas
392 475 465 520 uero
487 457 609 543 ploxeni
626 458 716 521 habet
737 461 856 536 ueteris,

186 539 343 604 Praeterea
364 541 471 604 rictum
493 544 610 622 qualem
632 544 762 607 diffissus
784 545 815 606 in
839 553 922 608 aesta

229 625 364 689 Meicntis
385 628 482 689 mulae
504 647 622 695 cunnus
642 628 751 690 habere
774 630 858 692 solet.

187 709 242 772 Hic
263 712 353 773 futuit
374 712 481 774 multas
504 721 534 774 et
555 732 586 774 se
608 714 678 776 facit
700 733 764 777 esse
785 724 955 789 uenustum,

135 804 165 857 10
228 795 268 856 Et
289 816 351 858 non
373 797 500 876 pistrino
522 798 648 859 traditur
668 808 757 879 atquc
778 799 884 863 asino‘l

188 879 283 951 Quem
305 881 389 961 siqua
410 882 537 963 attingit,
560 902 622 945 non
643 881 723 945 illam
744 903 832 964 posse
854 894 993 965 putemus

231 966 350 1046 Aegroti
373 967 473 1029 culum
495 968 610 1048 lingere
632 968 800 1031 carnificis?

61 1250 102 1322 98
187 1251 228 1320 In
251 1263 291 1328 te,
313 1254 339 1317 si
361 1255 391 1315 in
416 1273 600 1334 quemquam,
623 1256 681 1317 dici
702 1265 782 1336 pote,
802 1258 906 1337 putide
928 1257 1011 1334 Victi,

226 1338 260 1400 ld
283 1339 362 1419 quod
385 1338 520 1402 uerbosis
542 1340 651 1402 dicitur
673 1349 702 1402 ot
724 1341 827 1404 fatuis:

185 1423 243 1486 lsta
266 1443 334 1486 cum
356 1424 466 1505 lingua,
489 1424 514 1486 si
536 1444 608 1487 usus
629 1425 730 1487 ueniat
751 1425 816 1503 tibi,
838 1427 933 1508 possis

229 1508 318 1571 Culos
339 1518 369 1570 et
390 1509 524 1590 crepidas
545 1510 659 1590 lingere
680 1511 857 1590 carpatium.

148 1604 164 1655 5
187 1594 217 1657 si
240 1613 296 1656 nos
318 1594 441 1655 omnino
462 1594 509 1657 uis
531 1614 636 1658 omncs
657 1595 793 1675 perdere,
816 1596 900 1673 Victi,

227 1677 348 1742 ffiscas:
372 1679 495 1741 omnino
518 1679 597 1758 quod
619 1680 703 1760 cupis
725 1680 845 1743 efficies.

61 1962 104 2032 99
189 1962 333 2047 Surripui
351 1967 415 2042 tibi,
438 1968 507 2028 dum
529 1967 616 2041 ludis,
638 1967 749 2029 mellite
771 1967 899 2042 quenti,

227 2051 381 2115 Sauiolum
402 2052 481 2114 dulci
503 2051 618 2114 dulcius
638 2052 796 2117 ambrosia.

125 2205 127 2208 y
185 2136 294 2198 Verum
316 2138 345 2199 id
368 2157 430 2200 non
452 2137 574 2217 impune
595 2136 664 2198 tuli:
687 2156 816 2218 namque
839 2138 964 2218 amplius
985 2139 1088 2202 horam

228 2221 374 2284 Suffixum
397 2223 428 2283 in
451 2241 564 2284 summa
585 2241 633 2284 me
655 2223 778 2284 memini
800 2243 983 2300 esseorum,

147 2316 163 2367 5
184 2307 261 2368 Dum
283 2307 336 2369 tibi
358 2327 406 2370 me
427 2326 523 2388 purgo
546 2326 603 2370 nec
624 2327 746 2388 possum
768 2309 885 2371 lletihus
906 2309 973 2372 ullis

227 2392 389 2455 Tantillum
410 2400 527 2454 uestrae
548 2392 667 2455 demere
688 2394 837 2455 saeuitiae.

182 2476 256 2538 Nam
278 2477 365 2539 simul
386 2478 416 2539 id
438 2479 547 2538 lactum
570 2486 624 2554 est,
645 2478 745 2540 multis
767 2479 857 2540 diluta
878 2478 982 2540 labella

142 2679 158 2730 6
175 2677 279 2744 ploxeni
291 2677 337 2728 ael
346 2676 443 2744 ploximi
457 2678 583 2730 Vossius.-
600 2677 722 2744 ploxonio
736 2677 758 2731 G
775 2677 879 2795 ploxnio
894 2675 937 2731 0¹³.
964 2674 1000 2740 cf.
1014 2677 1126 2741 mindi.

57 2747 120 2798 inat.
141 2761 181 2797 or.
199 2746 264 2810 15,
281 2749 299 2797 8
319 2746 520 2812 (acgeneribus
537 2747 708 2811 barbarismi)
726 2761 802 2814 quae
819 2743 850 2797 fit
867 2746 889 2797 ei
907 2744 966 2812 quis
984 2744 1064 2798 afrum
1082 2746 1125 2797 uel

55 2812 193 2881 hispanum
208 2813 304 2865 latinae
322 2813 431 2865 orationi
449 2828 541 2865 nomen
554 2814 656 2878 inserat,
675 2852 682 2868 .
700 2853 707 2866 .
726 2850 733 2866 .
752 2813 819 2866 sicut
831 2813 947 2866 Catullus
960 2805 1125 2880 ‘ploxenum'

57 2881 123 2933 circa
141 2880 239 2933 Padum
257 2880 356 2933 inuenit
374 2884 400 2931 et
415 2881 524 2932 Feriam
535 2882 589 2933 250
606 2881 642 2936 M.
661 2881 796 2934 Ploxinum
815 2897 829 2934 a
848 2881 938 2948 pellari
955 2882 992 2934 ait
1010 2882 1126 2935 Catullus

56 2963 161 3017 capsum
179 2949 205 3001 in
224 2949 287 3001 cisio
305 2964 441 3015 capsamue
468 2951 587 3016 (capsace
615 2950 723 3015 eadee),
748 2964 807 3001 cum
828 2897 893 3002 lixit
910 2941 1043 3017 ‘gingiuae
1063 2966 1125 3004 uero

54 3017 155 3082 ploxini
171 3017 250 3069 habet
267 3009 383 3070 ueteris'.
410 3015 447 3081 ef.
464 3018 539 3069 Paul.
555 3017 655 3073 251111.
684 3017 820 3070 Ploxinum
837 3021 886 3084 (sie
899 3018 1125 3087 guelferbytanae

55 3085 134 3148 liter,
161 3085 302 3153 ploximum
326 3087 390 3137 libra·
411 3088 501 3151 cetere)
525 3099 628 3152 capsam
651 3085 768 3138 dixerunt
793 3084 804 3154 1
826 3091 844 3140 'l
869 3085 983 3140 diffissus
1007 3087 1126 3139 Statim:

56 3151 181 3205 dedessus
201 3152 222 3203 0
239 3152 356 3205 defessus
375 3152 422 3222 111
444 3160 527 3206 esium
545 3153 572 3206 V
590 3153 600 3222 11
623 3157 638 3207 8
655 3152 780 3221 Magantia
798 3155 843 3207 V*
860 3154 987 3219 [Meientis
1006 3153 1125 3222 eermrp

54 3220 133 3272 mullo
154 3220 191 3272 G*
208 3221 219 3290 1
234 3221 313 3273 comis
332 3221 377 3285 0*‚
395 3223 466 3273 ande
483 3236 581 3274 condus
598 3223 711 3274 Ellieiaa
725 3222 736 3289 1
755 3225 838 3276 9-12
856 3225 1029 3289 separantia
1044 3239 1124 3288 proe-

55 3290 208 3340 cedeatibae
222 3289 413 3341 Laedmamnae
428 3289 438 3357 l
456 3292 471 3343 9
489 3289 516 3340 H'
535 3292 563 3355 (t.
576 3291 672 3352 allec)
687 3291 723 3342 O*
740 3290 804 3355 [Nec
815 3292 850 3354 D]
862 3291 871 3358 11
888 3290 950 3342 facit
968 3289 1003 3340 0.·
1020 3288 1082 3341 fecit
1102 3287 1124 3340 G

53 3355 112 3424 110
130 3357 251 3423 pristrino
271 3356 307 3409 O*
323 3358 503 3409 Baehrense'ue
518 3358 526 3416 ll
546 3361 575 3412 11
596 3359 635 3426 sid
654 3359 674 3409 0

139 3422 178 3480 98
194 3426 372 3477 interstitium
388 3426 492 3477 mattam
512 3427 541 3479 V
550 3426 560 3495 1
579 3430 591 3479 1
610 3428 713 3494 iuquam
731 3441 808 3494 quam
826 3425 855 3477 V
867 3425 980 3492 [inquam
1002 3439 1080 3492 quam
1097 3429 1124 3475 et

54 3494 82 3543 tm
99 3508 187 3558 marg.
206 3492 232 3545 al
248 3498 260 3544 ῑ
276 3509 421 3561 quenquam
440 3494 471 3557 L]
497 3493 506 3561 11
532 3499 593 3560 pote
613 3510 655 3546 om
674 3495 711 3546 0*
727 3493 737 3560 11
756 3497 768 3547 1
788 3497 814 3542 et
832 3497 847 3546 5
865 3491 933 3544 Victi
951 3507 1046 3544 mamea
1064 3509 1122 3544 eor-

54 3565 173 3626 raptam.
190 3559 261 3612 Vetti
273 3561 375 3613 Statius
392 3561 455 3614 Vitti
473 3563 606 3628 Hauptiae
622 3561 632 3631 11
648 3565 666 3615 4
683 3561 827 3628 carpatinas
841 3559 940 3623 [Actu
959 3561 1086 3627 carpatiae
1101 3561 1122 3612 G

55 3629 182 3694 carpitiis
202 3628 239 3678 0*
265 3629 408 3695 carpatiaus
434 3630 467 3684 al.
490 3632 632 3698 carpatinas
650 3629 673 3680 B
691 3629 818 3694 carpatris
835 3628 874 3691 A]
891 3628 902 3696 1
919 3632 934 3681 5
952 3644 1001 3682 uos
1020 3629 1058 3680 0*
1081 3628 1121 3696 116

54 3693 144 3749 Hiscas
164 3697 287 3749 Voeeiar:
304 3697 393 3750 discas
410 3698 440 3750 V

137 3763 369 3818 volaterranum
384 3767 488 3817 matiam
507 3767 536 3819 V
546 3763 556 3833 1
578 3769 590 3818 1
612 3763 738 3830 Surripait
757 3764 778 3816 G
796 3763 915 3831 Simpuit
934 3763 971 3815 0*
995 3763 1005 3833 11
1030 3770 1122 3817 atram

53 3831 152 3885 uiuenti
170 3849 206 3884 an
232 3833 330 3885 iuuenti
347 3836 476 3900 scriplum
494 3837 531 3884 eit
553 3836 582 3884 im
602 3832 623 3882 0
640 3833 757 3883 dieeemi
779 3848 834 3884 aaa
856 3836 956 3899 poteri,
982 3836 1012 3884 im
1031 3833 1122 3885 Gaia

50 3904 155 3964 potest:
175 3901 325 3953 litterarum
338 3903 434 3953 dactus
448 3905 539 3968 priori
555 3899 660 3966 fauerit,
677 3904 764 3967 apices
781 3901 790 3951 i
809 3901 961 3952 litterarum
975 3905 1122 3966 posteriori

52 3965 95 4034 12
114 3968 263 4021 Suauiolum
282 3971 315 4036 V,
333 3969 368 4031 ot.
385 3987 412 4024 a.
430 3968 486 4038 141
504 3969 631 4021 ambrosio
651 3968 809 4021 ONaelriae
825 3970 863 4021 ed
880 3969 938 4021 Vel
957 3968 1013 4024 Cot.
1027 3986 1056 4035 p.
1068 3972 1121 4024 258

53 4036 166 4088 amroeio
186 4036 222 4089 G*
241 4036 277 4099 es.
294 4053 321 4092 a.
338 4039 372 4092 15
388 4039 397 4106 1
416 4042 432 4092 4
450 4037 565 4091 Sufixum
585 4037 622 4088 0*
638 4036 648 4105 11
665 4040 681 4090 6
699 4038 792 4090 seuicie
811 4037 837 4092 V
852 4035 862 4104 1
878 4042 892 4091 ’1
911 4037 947 4101 id]
965 4036 997 4090 ad
1016 4036 1053 4090 G*
