2714 4650
493 320 550 383 ιιι,
566 321 675 384 4-ιοι,
693 322 710 371 o

229 490 267 550 Et
287 498 398 552 mutam
422 489 618 571 nequicquam
642 490 808 570 alloquerer
830 491 970 564 cinerem,

152 585 168 634 5
191 575 437 654 Quandoquidem
459 577 578 637 fortuna
601 575 672 635 mihi
694 584 753 637 tete
776 575 895 637 abstulit
917 577 1023 657 ipsum,

230 661 295 721 Heu
318 661 408 722 miser
429 661 550 740 indigne
576 661 667 720 irater
689 661 824 741 adempte
845 661 926 721 mihi.

186 746 272 808 Nunc
294 755 393 808 tamen
417 746 529 807 interea
551 747 633 818 haec,
656 745 754 824 prisco
777 764 851 824 quae
874 765 956 807 more
971 746 1129 826 parentum

230 831 347 892 Tradita
370 839 440 892 sunt
462 831 537 892 tristi
560 848 683 891 munere
706 832 741 892 ad
763 831 892 906 inierim,
947 892 949 898 Α

187 915 294 994 Accipe
317 918 447 977 fraterno
470 917 596 977 multum
620 915 768 976 manantia
790 917 859 977 fletu

138 1008 166 1060 lu
231 1002 326 1080 Atque
349 1001 380 1062 in
403 1011 590 1081 perpetuum,
614 1002 712 1074 irater,
735 1020 789 1062 aue
811 1012 899 1081 atque
922 1001 995 1061 uale.

45 1284 125 1355 102
191 1285 223 1354 si
246 1289 404 1367 quicquam
428 1289 515 1350 tacito
539 1289 727 1351 commissum
750 1297 794 1350 est
814 1289 872 1349 lido
896 1288 931 1348 ab
954 1288 1047 1348 amico

230 1373 319 1436 Cuius
341 1374 378 1435 sit
400 1375 519 1455 penitus
542 1383 610 1434 nota
632 1373 705 1436 tides
726 1373 825 1446 animi,

188 1459 294 1537 Meque
319 1477 383 1521 esse
407 1459 542 1521 inuenies
564 1459 682 1520 illorum
704 1459 768 1520 iure
790 1467 946 1532 sacratum,

231 1543 358 1618 Corneli,
384 1553 413 1606 et
434 1545 543 1606 lactum
566 1563 613 1605 me
636 1562 700 1606 esse
722 1551 792 1623 puta
815 1544 1034 1623 Harpocratem.

65 1827 126 1898 103
190 1829 253 1896 Aut
273 1831 359 1893 sodes
381 1831 452 1892 mihi
476 1831 564 1892 redde
587 1832 688 1892 decem
710 1831 850 1905 sestertia,
873 1830 945 1901 Silo,

231 1916 343 1978 Deinde
368 1926 431 1978 esto
454 1917 587 1994 quamuis
608 1934 714 1978 saeuus
737 1925 766 1976 et
788 1915 961 1976 indomitus:

190 2003 257 2074 Aut,
279 2002 303 2062 si
326 2010 354 2062 te
377 2001 491 2062 nummi
514 2001 671 2075 delectant,
697 2000 798 2062 desine
821 2018 928 2079 quaeso

230 2086 312 2147 Leno
336 2105 399 2148 esse
422 2095 509 2164 atque
531 2087 608 2148 idem
630 2105 736 2148 saeuus
758 2095 788 2147 et
809 2086 979 2147 indomitus.

64 2364 125 2435 104
192 2365 296 2432 Credis
319 2388 365 2429 me
388 2371 519 2449 potuisse
541 2388 622 2431 meae
645 2369 819 2431 maledicere
842 2371 928 2443 uitae,

232 2453 384 2516 Ambobus
406 2455 478 2516 mihi
500 2474 575 2535 quae
598 2456 694 2515 carior
715 2464 760 2516 est
782 2453 895 2516 oculis?

190 2539 254 2599 Non
279 2541 372 2618 potui,
398 2559 463 2612 nec,
486 2541 509 2602 si
533 2558 660 2620 possem,
682 2548 742 2601 tam
763 2540 877 2618 perdite
899 2557 1043 2600 amarem:

233 2623 291 2684 Sed
313 2634 345 2685 tu
369 2643 435 2685 cum
459 2625 601 2705 Tappone
624 2625 721 2685 omnia
744 2633 876 2686 monstra
899 2625 978 2686 facis.

150 3034 288 3096 imutam]
307 3031 341 3093 cf.
359 3033 500 3099 odacro
517 3031 526 3099 11
543 3035 558 3084 i
577 3035 602 3083 te
621 3034 646 3084 te
664 3049 687 3083 ω
705 3031 919 3100 Laodmouausp
936 3035 951 3084 6
969 3031 1015 3084 llei
1038 3033 1129 3084 misero

64 3102 201 3151 Arruntius
225 3100 236 3166 1
258 3107 321 3166 post
336 3117 363 3154 u.
381 3101 468 3152 dudd
483 3103 524 3164 65,
540 3099 622 3153 9-44
639 3101 768 3163 Haasius,
787 3100 836 3151 alii
851 3105 913 3166 post
928 3117 955 3152 u
972 3101 1130 3151 dlacunam
1215 3116 1244 3168 ¹r

64 3185 120 3220 essa
138 3173 291 3220 statuerunt
314 3168 323 3234 1
350 3169 468 3233 lh’(=
434 3168 597 3233 -hec)0·
620 3167 670 3220 hoc
690 3167 739 3219 G
732 3183 759 3219 m
783 3172 848 3221 terra
867 3169 914 3220 lrac
930 3167 1107 3219 Rossbachius
1126 3166 1136 3234 11
1154 3180 1191 3225 ur
1206 3138 1258 3220 ι”ι

64 3238 203 3303 priscoque
220 3252 291 3289 more
311 3238 340 3289 V
351 3237 393 3306 18
412 3236 492 3288 tristis
509 3251 613 3288 munera
632 3254 655 3288 ω
672 3235 682 3304 1
702 3235 798 3288 inlri⁵as
817 3236 854 3287 0*
871 3239 881 3305 1
900 3238 931 3288 10
949 3235 1017 3287 ualle
1036 3234 1073 3284 0*

151 3320 236 3376 102-
239 3321 291 3376 116
308 3323 379 3372 Haec
396 3323 517 3372 camina
535 3323 624 3372 omnia
642 3324 699 3372 sins
715 3321 770 3373 ullo
794 3322 939 3372 interstitio
958 3323 983 3369 et
999 3321 1057 3369 siue
1073 3319 1129 3370 ulla

63 3392 243 3471 inscriptione
259 3393 331 3441 inter
347 3406 375 3439 sa
391 3391 421 3439 in
440 3389 470 3441 V
481 3391 631 3452 cohaereat,
655 3393 758 3442 iterna.
776 3389 825 3440 402
844 3401 942 3438 cume.
960 3386 1005 3438 toi
1023 3387 1032 3454 11
1060 3385 1129 3450 tsi]

64 3456 73 3508 l
99 3461 133 3522 (p
134 3459 205 3509 rium
229 3457 320 3509 littera
343 3458 509 3508 rubricatori
530 3458 680 3522 rasamenta)
670 3455 754 3524 11101
779 3456 849 3508 taciti
867 3456 990 3505 Heinsius
1014 3455 1090 3506 tacite
1108 3473 1130 3506 ω

64 3526 126 3592 quoi
145 3524 206 3604 quid
218 3524 350 3576 Manilius
368 3524 428 3592 quid
446 3525 506 3591 quoi
524 3525 755 3577 Baehrensiusu
756 3524 858 3591 olquam
877 3522 981 3574 tacitum
998 3524 1044 3574 uei
1060 3522 1133 3591 quid·

64 3592 127 3659 quid
150 3592 221 3645 taciti
245 3593 378 3661 Statiusn
407 3593 439 3645 ab
463 3593 534 3661 antiq
536 3609 568 3646 ιιο
587 3591 667 3658 V*
695 3539 769 3644 iffa
792 3606 873 3659 aeque
893 3591 1002 3642 Vossius
1026 3588 1036 3655 1
1063 3594 1132 3643 iao

65 3664 175 3727 putum?
201 3661 290 3713 eodem
307 3663 438 3713 uocabulo
462 3665 550 3713 nascio
574 3677 609 3710 an
628 3659 748 3711 Catullus
769 3675 833 3711 usus
850 3661 887 3709 sit
902 3659 945 3725 29,
962 3660 999 3711 25
1017 3675 1032 3711 o
1051 3660 1132 3726 putio-

63 3728 141 3780 oimei
159 3728 241 3780 Gener
259 3743 383 3796 socerque
399 3728 600 3849 lparqocratem
603 3728 629 3780 V

151 3796 204 3851 103
223 3795 258 3858 os.
276 3798 313 3847 ad
329 3813 350 3849 a
368 3797 399 3848 io
435 3796 475 3863 111
495 3794 618 3849 sextercia
637 3794 666 3846 V
683 3796 693 3863 1
716 3796 789 3847 ieet
807 3810 823 3846 o
843 3794 864 3845 G
883 3797 922 3846 cst
941 3792 1005 3862 0*1
1028 3795 1135 3848 3mimi

66 3863 177 3916 Onumi
195 3866 240 3928 (au
258 3865 345 3917 mimi?
367 3866 461 3916 ductus
478 3866 527 3929 iili,
545 3865 633 3929 apicas
650 3864 714 3914 duic
731 3864 842 3914 lectioni
858 3859 964 3928 fauent)
983 3863 1004 3914 G
1029 3862 1038 3929 11
1065 3862 1136 3915 dele·

65 3931 205 4054 clanitlgl
223 3997 258 4060 cf.
277 4001 350 4052 ado.
369 4000 418 4051 iae
436 3999 478 4066 13
497 4001 518 4052 si
537 4014 579 4051 om
598 3998 660 4065 0*1
678 3998 776 4066 perdita
795 3995 858 4066 mn
876 4013 959 4051 amare
978 3997 1061 4065 7114
1079 4012 1137 4050 cum

66 4081 224 4132 cauponem

123 4149 223 4193 Getullu
918 4155 932 4202 'l
