2738 4672
432 374 439 380 ,
519 303 559 364 12,
578 304 670 366 3-13,
691 303 722 353 12

107 537 112 551 ι
137 508 140 514 1
209 469 300 534 Follis
321 472 410 534 lintea
434 472 698 553 neglegentiorum.

209 554 273 617 lloc
295 558 403 620 salsum
427 576 490 618 csse
512 554 621 637 putas?
644 557 719 636 fugit
740 567 778 632 te,
800 559 917 638 inepte:

172 652 188 700 t
210 640 352 711 Quamuis
374 643 491 704 sordida
512 661 561 704 res
583 652 612 703 et
634 643 792 704 inuenusta
815 654 867 706 cst.

208 727 275 788 Non
299 728 393 789 credis
415 725 508 788 mihil
531 729 618 789 crede
640 727 766 789 Pollioni

209 810 313 885 Fratri,
337 813 387 891 qui
409 821 458 874 tua
480 813 558 874 sunta
580 813 628 874 uel
650 814 759 874 talento

209 895 316 958 Mutari
338 897 424 959 uelit:
448 907 491 959 est
514 899 593 959 enim
616 897 751 978 leporum

210 981 353 1063 Differtus
375 1000 450 1062 puer
471 1001 506 1044 ac
528 983 707 1045 facetiarum.

158 1074 186 1125 10
208 1066 306 1137 Quare
328 1077 378 1129 aut
399 1068 659 1149 hendecasyllabos
681 1077 830 1131 trecentos

207 1150 337 1232 Expecta
360 1162 410 1214 aut
431 1153 503 1214 mihi
524 1153 646 1216 linteum
670 1155 797 1229 remitte,

209 1236 294 1307 Quod
317 1257 364 1300 me
387 1257 448 1300 non
473 1248 574 1300 mouet
595 1239 810 1301 aestimatione:

208 1322 315 1384 Verum
338 1333 382 1385 est
403 1343 628 1404 mnemosynum
652 1325 710 1385 mei
732 1325 847 1387 sodalis.

207 1407 278 1468 Nam
302 1409 418 1471 sudaria
441 1408 557 1471 saetaba
581 1429 616 1471 ex
639 1409 774 1471 Hibereis

158 1501 184 1551 15
208 1492 353 1555 Miserunt
374 1494 446 1555 mibi
467 1495 583 1556 muneri
606 1494 746 1556 Fabullus

206 1577 243 1638 Et
265 1579 423 1641 Veranius:
446 1580 520 1641 haec
542 1598 637 1643 amem
659 1598 780 1641 neeesse
803 1589 846 1640 est

210 1660 244 1722 Vt
265 1663 454 1726 Veraniolum
478 1683 576 1726 meum
600 1675 629 1726 ot
651 1664 814 1725 Fabullum.

77 1962 121 2032 13
207 1963 335 2031 Cenabis
357 1969 443 2039 bene,
466 1968 506 2028 mi
528 1967 657 2043 Fabulle,
680 1969 756 2048 apud
779 1988 826 2030 me

178 2057 184 2070 ‘
206 2052 319 2127 Paucis,
343 2053 367 2115 si
388 2053 440 2115 tibi
464 2053 502 2114 dii
526 2054 635 2127 fauent,
658 2053 769 2129 diebus,

205 2137 236 2198 Si
258 2148 357 2200 tecum
379 2138 510 2200 attuleris
532 2138 641 2199 bonam
665 2136 752 2218 atque
775 2159 912 2220 magnam

205 2223 323 2299 Cosam,
346 2244 408 2286 non
432 2224 496 2286 sine
520 2225 641 2285 eandida
665 2223 761 2303 puella

169 2318 183 2367 5
205 2308 242 2369 Et
264 2310 336 2370 uino
359 2319 390 2371 et
411 2309 470 2370 sale
494 2317 523 2369 et
545 2309 684 2371 omnibus
706 2310 867 2372 cachinnis.

204 2395 285 2455 llaec
306 2396 341 2469 si,
363 2398 496 2473 inquam,
519 2394 661 2467 attuleris,
685 2404 811 2457 uenuste
834 2406 946 2468 noster,

204 2479 329 2541 Cenabis
352 2479 443 2541 bene:
467 2498 533 2539 nam
556 2480 599 2541 tui
623 2479 729 2541 Catulli

202 2564 312 2626 Plenus
334 2565 469 2626 sacculus
492 2572 536 2625 est
557 2583 741 2625 aranearum.

204 2648 261 2709 Sed
284 2657 388 2710 contra
411 2649 537 2728 accipies
559 2668 657 2710 meros
679 2666 793 2709 amores

153 2742 181 2794 10
204 2733 263 2796 Seu
287 2735 357 2813 quid
378 2735 497 2796 suauius
520 2734 722 2813 elegantiusue
745 2741 803 2793 est:

203 2819 276 2880 Nam
298 2828 483 2898 unguentum
506 2818 593 2898 dabo,
617 2818 695 2897 quod
717 2835 800 2878 meae
823 2817 937 2896 puellae

202 2904 358 2966 Donarunt
379 2905 508 2966 Veneres
531 2903 759 2982 Cupidinesque,

74 3038 278 3048 ———

161 3104 176 3153 3
198 3103 421 3169 neglegendarum
442 3103 477 3153 θ*
499 3102 712 3169 negligentiorum
732 3102 753 3154 G
775 3103 786 3171 1
807 3105 823 3154 4
841 3101 935 3155 salsum
959 3105 1025 3169 (eser
1048 3106 1079 3158 al'
1101 3106 1148 3158 fal-

74 3184 131 3223 sum
147 3171 178 3234 g)
196 3172 225 3221 ἔῑ
245 3170 266 3222 G
283 3171 375 3224 falsum
395 3171 426 3223 al'
445 3171 539 3222 salsum
558 3171 589 3222 ee
607 3173 706 3234 (omnio
724 3174 753 3221 in
772 3172 857 3236 testu)
877 3171 898 3222 0
916 3171 1018 3235 [falsum
1036 3176 1126 3238 cetere]
1138 3173 1148 3237 11

75 3243 89 3291 7
108 3237 175 3289 Fra&
196 3238 232 3288 0*
249 3239 284 3300 (Ιι.
303 3257 323 3292 e.
335 3240 432 3303 Frater)
449 3237 459 3305 l
477 3241 491 3291 8
510 3239 593 3291 uoluit
607 3239 643 3289 0*
660 3236 670 3306 11
687 3243 702 3293 9
720 3238 838 3296 Differtus
856 3241 1033 3293 Passeratius:
1052 3241 1148 3295 Disser-

73 3311 116 3360 tus
131 3305 167 3354 0*
185 3304 334 3358 DisertusG
351 3308 434 3372 uectem
452 3311 461 3372 1
480 3310 511 3361 10
529 3307 625 3360 endeca
642 3307 748 3360 sillabos
765 3295 787 3360 V
806 3309 961 3371 (coniunxit
968 3310 999 3374 g)
1015 3308 1026 3379 1
1044 3310 1075 3362 12
1093 3324 1147 3362 mo·

73 3378 118 3426 net
137 3373 174 3425 0*
190 3373 200 3442 1
218 3373 383 3426 extimatione
403 3376 432 3427 V
450 3376 459 3443 1
484 3377 515 3429 13
534 3381 573 3427 est
590 3390 665 3428 nemo
683 3377 765 3428 sinum
786 3376 808 3426 d
831 3390 906 3427 nemo
924 3379 964 3426 est
982 3376 1064 3428 sinum
1084 3377 1121 3428 0*
1137 3378 1147 3446 1

93 3447 134 3494 ost
149 3450 265 3494 mnemos
285 3457 359 3505 nuni,
378 3458 431 3494 noa
447 3449 508 3510 poet
525 3442 620 3496 sodalis
636 3447 808 3508 intorpescit
824 3444 1002 3494 Boedremtus
1023 3442 1034 3511 11
1060 3445 1091 3498 14
1107 3461 1147 3498 se·

369 3512 445 3574 (ss=
461 3511 515 3575 sed)
532 3510 542 3580 ΙΙ
559 3511 678 3564 exhibere
697 3512 722 3564 V
737 3509 747 3578 ΙΙ
765 3515 796 3564 15
814 3509 955 3563 Μίιεοῐιιιη
972 3509 1074 3574 (suerat
1086 3511 1146 3566 blis-

73 3580 170 3643 serunt)
184 3579 205 3630 G
222 3578 232 3645 11
249 3579 346 3631 numeri
357 3579 382 3631 V
397 3595 454 3631 secr·
471 3580 503 3631 al'
521 3581 620 3631 muneri
634 3579 667 3631 0¹
685 3578 791 3642 [numeri
809 3581 848 3641 (in
864 3593 951 3642 marg.
967 3577 979 3630 l
996 3582 1104 3646 muneri)
1118 3582 1146 3646 11

71 3644 82 3715 1
101 3649 132 3699 16
150 3646 233 3699 ameni
244 3647 272 3698 V
284 3648 385 3711 [almeni
400 3648 550 3700 HVatieun.
559 3649 624 3701 1650
642 3662 724 3699 amem
743 3648 833 3708 estne]
849 3648 859 3710 1
877 3647 974 3698 noddo
991 3644 1000 3712 ΙΙ
1020 3651 1051 3703 11
1069 3650 1101 3702 Et
1114 3650 1146 3704 V.

72 3716 144 3766 bunc
161 3730 267 3767 uersum
286 3714 330 3780 (os.
349 3719 430 3768 etiam
445 3716 484 3779 17,
501 3717 531 3782 5)
547 3718 665 3782 respecti
681 3715 785 3765 Plinius
801 3718 857 3765 nat.
875 3716 936 3766 bist.
952 3715 1040 3781 praef.
1054 3718 1084 3769 1.·
1102 3717 1146 3770 ille

72 3783 213 3848 (Catullus)
223 3824 230 3837 .
241 3823 247 3838 .
258 3823 264 3836 .
276 3823 282 3835 .
292 3783 465 3837 duriusculum
484 3798 512 3835 se
530 3783 592 3834 lecit
610 3796 685 3850 quam
702 3781 807 3834 uolebat
819 3782 957 3835 existimari
974 3799 989 3836 a
1003 3784 1145 3838 Veraniolis

72 3851 127 3903 suis
144 3857 170 3903 et
187 3849 308 3904 Fabullis.
335 3851 370 3913 of.
387 3868 471 3918 supra
489 3851 526 3903 ad
541 3850 596 3912 t,2

155 3916 191 3973 18
209 3919 385 3971 Interetitium
398 3920 436 3972 V:
453 3921 568 3971 a‘oseruit
585 3917 624 3969 nd
636 3917 801 3984 Fabullumg
817 3917 827 3986 l
847 3922 859 3973 l
878 3917 973 3973 Enabis
985 3924 1088 3988 (prima
1104 3921 1147 3972 lit·

72 3990 130 4037 tero
147 3989 287 4039 miniatem·
302 3989 450 4053 reseruata)
470 3985 505 4038 0*
521 3985 532 4053 1
548 3990 563 4039 6
581 4001 693 4054 unquam
712 3987 742 4039 V
752 3986 762 4055 1
780 3990 794 4040 8
813 3987 915 4040 seculus
934 3990 962 4041 V
973 3987 984 4056 1
1000 3991 1016 4042 9
1033 4004 1105 4042 meos
1126 3989 1146 4040 0

73 4053 248 4120 [1111051111
267 4059 297 4108 10
316 4057 360 4123 qul
379 4056 407 4107 V
419 4071 475 4108 eser
492 4055 523 4106 al'
542 4055 619 4121 qd’g
636 4056 645 4123 1
663 4055 879 4123 [elegantiusqsue
897 4063 936 4109 est
954 4059 992 4120 A]
