2738 4672
522 309 562 370 55,
581 310 690 374 21—58,
709 312 724 362 5

214 475 268 536 Vel
289 476 313 537 si
335 476 391 550 uis,
413 476 481 538 licet
503 476 623 540 obseres
644 480 784 558 palatum,
859 522 861 529 ·

214 561 290 622 Dum
312 561 406 623 nostri
427 562 481 625 sim
502 563 650 644 particeps
673 566 789 628 amoris.

216 779 243 848 0
265 801 327 845 rem
350 783 512 858 ridiculam,
536 784 616 860 Cato,
639 796 668 861 et
689 787 817 849 iocosam

174 895 176 899 ,
215 868 399 948 Dignumque
421 869 542 932 auribus
563 879 593 932 et
614 880 665 934 tuo
689 873 843 935 cachinno.

208 954 298 1029 bide,
321 954 460 1034 quicquid
482 973 570 1031 amas,
594 955 672 1031 Cato,
696 957 855 1020 Catullum:

216 1038 274 1100 Res
296 1039 482 1111 estridicula
505 1050 534 1102 et
556 1041 643 1103 nimis
665 1043 773 1105 iocosa.
898 1047 900 1051 '

181 1135 196 1184 o
217 1123 367 1204 Deprendi
389 1126 476 1188 modo
498 1127 642 1206 pupulum
665 1128 779 1207 puellae
889 1206 891 1211 Ι

111 1215 115 1225 ’
216 1208 407 1272 Trusantem:
429 1211 510 1273 buno
532 1230 596 1291 ego,
619 1212 644 1273 si
666 1213 761 1293 placet
783 1208 905 1289 Dionae,
928 1207 932 1214 ’

215 1294 273 1355 Pro
296 1295 354 1356 telo
376 1295 469 1376 rigida
490 1314 555 1358 mea
577 1297 678 1359 cecidi.

215 1513 328 1579 Pulcra
350 1517 492 1579 conuenit
512 1517 655 1598 improbis
677 1519 815 1594 cinaedis,

216 1601 382 1662 Mamurrae
403 1587 579 1683 pathicoque
602 1603 785 1683 Caesarique.

216 1686 278 1748 Nec
299 1685 423 1748 mirum:
445 1689 577 1755 maculae
598 1690 678 1768 paris
700 1691 843 1770 utrisque,

155 1800 157 1805 ·
216 1771 335 1832 Vrbana
356 1772 446 1833 altera
469 1781 498 1834 et
520 1772 568 1834 illa
589 1774 743 1850 formiana,

181 1866 195 1916 5
217 1857 380 1936 lmpressae
402 1857 532 1920 resident
553 1877 609 1919 nec
632 1859 785 1921 eluentur:

217 1941 346 2003 Morbosi
367 1943 477 2022 pariter
499 1943 615 2022 gemelli
636 1944 765 2023 utrique,

217 2026 282 2089 Vno
305 2027 336 2088 in
358 2026 466 2089 lectulo
490 2029 627 2090 erudituli
650 2028 745 2103 ambo,

216 2113 283 2174 Non
305 2112 353 2173 bic
375 2131 463 2191 quam
485 2112 534 2174 ille
555 2114 647 2194 magis
669 2133 761 2176 uorax
783 2114 906 2190 adulter,

216 2197 332 2259 Riuales
353 2199 444 2260 societ
463 2197 675 2279 puellularum:

54 2313 74 2334 ··
169 2292 197 2344 10
218 2282 324 2344 Pulcre
347 2284 488 2346 conuenit
509 2283 652 2364 improbis
674 2285 826 2350 cinaedis..

91 2498 134 2569 58
219 2497 310 2576 (laeli,
333 2502 437 2564 Lesbia
457 2512 568 2581 nostra,
590 2505 696 2567 Lesbia
716 2505 774 2578 illa,

194 2587 269 2648 ·llla
292 2586 407 2662 Lesbia,
430 2607 519 2667 quam
541 2589 669 2652 Catullus
691 2607 780 2650 unam

213 2667 288 2734 'Plus
311 2691 398 2752 quam
420 2692 452 2736 se
474 2683 563 2753 atque
581 2694 653 2736 suos
676 2674 784 2735 amauit
806 2692 918 2747 omnes,

218 2757 305 2818 Nunc
326 2758 358 2818 in
381 2757 553 2838 quadruuiis
575 2767 605 2820 et
625 2758 788 2839 angiportis

173 2836 195 2901 'l
217 2842 317 2904 Glubit
337 2845 516 2923 magnanimi
538 2844 625 2906 Remi
646 2851 779 2924 nepotes.
828 2874 831 2881 .

91 3066 295 3077 ..-..-.--—--

178 3113 211 3164 22
228 3113 306 3164 uestri
324 3112 371 3178 (uri
391 3113 420 3177 0)
438 3112 467 3164 V
469 3112 493 3177 *,
511 3111 608 3162 dume
626 3126 658 3164 ue
675 3127 732 3163 orer
750 3112 782 3164 al'
800 3126 865 3176 nog
882 3111 972 3175 [nostri
990 3113 1073 3163 ceteri
1090 3113 1163 3174 boni]

89 3179 169 3300 lsisfl
174 3180 203 3232 V
222 3180 302 3232 nostri
320 3181 356 3232 sis
372 3179 414 3247 (lis
431 3181 554 3247 Hoyrtur)
572 3198 595 3232 a»
624 3182 712 3233 nestri.
728 3181 776 3233 sim
798 3196 847 3247 ego
865 3181 1000 3232 Auectius
1025 3179 1090 3232 Dum
1109 3179 1163 3231 neri

92 3250 128 3302 sis
169 3250 257 3299 orodes·
282 3249 319 3298 'ur
906 3252 908 3259 ·

177 3315 214 3372 56
232 3263 319 3368 Vbrbb‘uc
330 3331 424 3366 uorsus
434 3317 608 3366 interstitium
618 3318 647 3367 iu
659 3317 690 3382 V,
707 3318 822 3367 inseruit
834 3315 873 3367 Ad
882 3316 1032 3378 Catonemg
1048 3313 1059 3383 1
1077 3315 1092 3366 2
1104 3313 1163 3365 cba-

92 3385 186 3437 chiano
206 3382 419 3450 cluniaca*
437 3383 446 3450 11
464 3387 479 3436 5
498 3382 619 3450 populum
637 3384 666 3436 V
677 3386 686 3452 11
704 3401 741 3436 aa
758 3385 784 3435 iu
803 3383 907 3449 puella?
923 3380 933 3450 1
950 3385 965 3435 6
983 3382 1122 3434 Grisuntem
1140 3400 1164 3433 or

93 3453 240 3504 Crusantem
257 3452 435 3503 Baebi-eruetur
460 3454 468 3517 11
490 3452 527 3503 sie
545 3452 646 3503 Statius
662 3452 671 3520 11
689 3452 774 3520 dyone
794 3452 815 3503 G
841 3451 936 3502 Dianae
956 3450 1137 3514 Wertplmliuo
1154 3452 1164 3519 1

94 3524 107 3572 'l
127 3520 230 3572 Proteia
248 3537 271 3571 or
288 3517 299 3587 1
314 3518 394 3570 ridida
415 3519 460 3583 Ψ,
479 3535 576 3584 aorrg

177 3587 220 3652 57,
231 3591 253 3641 1’.
268 3592 299 3642 10
312 3587 444 3652 Pulcrel',
461 3588 523 3639 inde
539 3579 607 3648 fecit
620 3588 670 3640 ut
685 3585 821 3649 Pulchreg
837 3585 847 3653 11
866 3588 1003 3651 sparena
1020 3583 1032 3667 11
1048 3589 1063 3639 5
1081 3585 1167 3652 lmpse

95 3656 131 3707 0*
148 3655 158 3724 11
175 3671 237 3709 nece
254 3655 356 3708 tuentur
374 3656 398 3707 V
413 3654 423 3723 11
440 3658 455 3708 6
471 3656 552 3721 glosa.
566 3656 646 3706 Ladb.
657 3670 685 3719 p.
697 3654 753 3704 lt60
778 3652 914 3704 morbosus
926 3650 1065 3721 mudeuurt!
1076 3654 1164 3706 tenelli

93 3725 226 3790 Hauptiua
251 3724 260 3791 11
286 3724 439 3777 'llecticulo
459 3722 494 3774 θ’
512 3724 688 3774 Baedreusiru
714 3720 836 3779 lectululo
859 3721 994 3771 Auectius
1021 3723 1116 3774 lectulo
1138 3727 1164 3773 et

92 3793 281 3912 Froelblpebiur
302 3793 312 3860 11
333 3795 349 3845 9
366 3792 470 3844 Niuales
490 3792 526 3843 0*
543 3791 553 3856 11
570 3790 650 3842 sociei
668 3789 760 3863 Scal'
762 3806 805 3840 er.-
823 3789 887 3840 socii
905 3793 931 3840 et
949 3789 976 3840 V
995 3789 1004 3856 11
1028 3789 1163 3855 puellulla-

93 3875 148 3913 rum
360 3898 363 3905 .
670 3874 672 3879 ·

178 3928 215 3984 58
232 3927 344 3980 Nullum
360 3929 536 3978 interstitium
550 3925 579 3977 V
590 3925 600 3995 11
619 3929 631 3978 1
651 3929 735 3976 nestra
752 3926 805 3986 (bra
818 3925 847 3988 0)
866 3924 895 3976 V
909 3927 997 3976 amoto
1015 3941 1051 3976 ou
1068 3929 1139 3976 reete
1155 3922 1164 3987 1

93 3999 109 4049 2
128 3996 227 4049 catulus
246 3996 267 4047 0
287 3996 296 4064 11
317 3999 334 4049 4
352 3995 499 4063 quadruniis
518 3993 567 4046 G*:
586 3992 724 4060 quadriniis
743 3993 764 4044 0
786 3993 796 4061 11
820 3994 834 4045 5
852 4007 944 4061 magna
967 3993 1107 4046 amiremini
1127 3992 1163 4042 0*

91 4078 186 4132 magna
204 4063 361 4116 admiremini
381 4064 403 4115 d
428 4061 603 4130 magnanimos
623 4079 646 4112 u
