2714 4650
648 301 689 365 95,
707 299 799 364 a-sa
818 301 833 351 5

338 471 377 533 At
397 470 498 533 Volusi
520 470 643 532 annales
664 469 793 531 Paduam
815 469 982 531 morientur
1002 468 1038 530 ad
1059 469 1156 550 ipsam

383 556 420 618 Et
441 556 521 618 laxas
541 554 687 617 scombris
709 573 796 635 saepe
819 554 933 616 dabunt
953 555 1079 617 tunicas.

338 641 433 704 Parua
455 642 513 703 mei
535 640 608 702 mihi
628 640 689 701 sint
710 639 792 701 cordi
813 648 1007 701 monumenta
1027 640 1150 702 sodalis:

290 737 319 788 10
382 727 419 787 ht
439 727 569 807 populus
590 725 703 787 tumido
725 725 851 805 gaudeat
871 725 1057 787 Antimacho.

189 961 256 1032 ’96
340 958 374 1027 Si
396 963 554 1042 quicquam
577 962 682 1023 muteis
704 971 821 1042 gratum
843 970 1038 1041 acceptumue
1060 962 1204 1043 sepulcris

382 1047 524 1109 Accidere
546 1055 697 1120 anesim,
720 1045 817 1122 Calue,
840 1047 942 1108 dolore
964 1055 1070 1126 potest,

340 1131 406 1204 Quo
429 1132 574 1194 desiderio
596 1140 714 1193 ueteres
734 1150 915 1195 renouamus
936 1150 1052 1194 amores

382 1217 478 1296 Atque
499 1217 569 1278 olim
591 1217 695 1279 missas
716 1216 822 1278 tlemus
842 1217 994 1293 amicitias,

304 1314 318 1362 5
340 1301 426 1364 Certe
448 1320 509 1363 uon
532 1309 615 1363 tauto
636 1320 718 1364 mors
739 1302 895 1363 immatura
917 1302 1060 1364 doloreist

383 1385 542 1458 Quintiliae
565 1395 710 1467 quantum
731 1388 840 1466 gaudet
861 1405 961 1448 amore
982 1395 1044 1448 tuo.

211 1638 255 1708 bl
340 1636 415 1706 Non
437 1636 490 1722 (ita
512 1658 560 1702 me
582 1640 622 1703 dii
645 1641 756 1719 ament)
779 1640 938 1720 quicquum
960 1640 1072 1700 referre
1094 1639 1197 1720 putaui

382 1725 524 1788 Vtrumne
545 1745 578 1787 os
600 1744 637 1786 an
660 1726 760 1787 culum
782 1726 939 1787 olfacerem
961 1725 1095 1786 Aemilio.

339 1811 406 1872 Nilo
427 1811 568 1873 mundius
589 1811 655 1886 hoo,
678 1811 831 1890 nihiloque
853 1810 1025 1872 inmundior
1045 1809 1101 1880 ille,

382 1893 491 1958 Verum
513 1896 598 1958 etiam
620 1895 705 1958 culus
726 1896 866 1957 mundior
887 1904 917 1956 et
937 1895 1058 1955 melior:

303 1992 318 2042 5
338 1981 413 2043 Nam
433 1982 498 2043 sine
520 1980 659 2043 dentibus
681 1990 733 2043 est.
770 2000 801 2043 os
823 1981 920 2043 dentis
942 1978 1160 2060 sesquipedalis,

299 2152 313 2201 'l
332 2147 432 2199 Aduam
445 2148 556 2200 Vossius
574 2147 686 2213 Capuam
701 2149 869 2199 Passeratius
885 2146 895 2216 ΙΙ
912 2150 968 2200 bet
979 2150 1011 2200 10
1029 2163 1046 2197 a
1059 2145 1283 2212 praecedentibus

212 2218 333 2267 seianaa't
356 2216 462 2267 Statius
489 2216 499 2284 [Ι
528 2218 544 2268 9
567 2213 663 2266 sodalis
689 2215 744 2266 add
769 2216 863 2267 aldina
885 2233 910 2268 a.
933 2214 1014 2268 4502:
1038 2230 1080 2266 om
1100 2215 1131 2267 V.
1166 2212 1282 2265 Philotae

211 2283 345 2348 Berglsius
362 2281 499 2335 Phanuelis
507 2282 684 2334 Rossbachius
700 2287 792 2350 poetae
807 2283 945 2335 Guarinus
962 2283 1057 2336 laboris
1075 2300 1098 2333 ω
1117 2282 1170 2334 sint
1187 2281 1282 2333 Cinnae

214 2351 287 2472 oordlil
302 2355 467 2472 mlmuumenta
482 2352 661 2403 Baobamsius
687 2349 697 2418 l
723 2351 885 2421 adpopulos
908 2351 942 2404 ul'
960 2356 988 2404 tu
1011 2349 1100 2404 timido
1121 2350 1158 2402 0*
1182 2347 1192 2416 ΙΙ
1218 2351 1284 2402 euti-

212 2434 304 2471 macc

298 2485 337 2541 96
353 2486 531 2539 Intorsta'tium
548 2486 652 2537 nullum
665 2486 692 2539 V
700 2485 734 2553 lll
754 2486 848 2538 muteis
865 2488 977 2551 sampsi:
993 2485 1072 2538 mutis
1090 2488 1117 2537 et
1130 2485 1160 2537 V
1170 2484 1248 2536 mulis
1260 2502 1283 2535 aa

159 2563 161 2568 ’
212 2555 454 2638 nacaepqmea
465 2553 474 2620 ΙΙ
487 2557 502 2607 3
515 2553 570 2615 Quo
585 2554 621 2606 G:
639 2553 693 2615 Quo
707 2554 744 2606 0*
762 2553 825 2615 Quei
836 2553 1015 2605 Baebraasias
1032 2552 1114 2614 Quom
1128 2552 1283 2617 Guariausl

214 2627 345 2688 (renouam
365 2623 421 2676 02.
439 2641 461 2674 e.
477 2623 639 2688 renonamus)
659 2624 810 2676 reuocamu's
827 2623 921 2687 Peiper
946 2621 957 2690 l
981 2625 999 2674 4
1015 2621 1100 2690 Atque
1123 2624 1216 2687 (supra
1233 2635 1284 2687 qne

216 2692 251 2744 θ’
266 2695 376 2760 εσνίρείι
393 2690 467 2759 qud
484 2688 494 2757 ΙΙ
510 2691 617 2743 amissas
630 2709 653 2742 ω
671 2691 765 2743 scissus
783 2705 832 2755 ego
850 2692 954 2741 conieci
971 2690 1045 2742 obitu
1063 2689 1156 2741 scissas
1168 2689 1284 2740 Pleitner

214 2759 300 2828 Atque
325 2760 445 2812 discissus
466 2758 645 2810 Baebreasias
675 2758 739 2811 Orco
763 2773 860 2811 mersas
882 2758 1017 2825 Haupta‘us
1041 2756 1074 2810 Et
1095 2773 1147 2824 quo
1165 2755 1283 2809 dimissas

215 2827 391 2894 liiesslingias
406 2826 415 2891 ΙΙ
433 2827 590 2879 bimatum
608 2829 687 2891 (amat.
707 2827 737 2892 0)
755 2828 781 2880 V
795 2825 805 2893 ΙΙ
829 2825 951 2878 doloreist
968 2827 1093 2878 Ellisias:
1110 2824 1184 2877 dolor
1201 2828 1243 2877 est
1261 2823 1288 2877 V

216 2894 313 2958 [dolore
331 2900 372 2948 est
390 2894 441 2957 CL]
460 2893 568 2947 dolorist
584 2896 720 2961 Haapuas
735 2892 745 2962 ΙΙ
762 2897 779 2948 6
797 2893 910 2955 Quintile
931 2896 960 2948 V
961 2895 984 2958 ⁴¹,
1003 2910 1066 2945 corr
1085 2893 1119 2944 G¹

299 2962 334 3017 97
351 2964 530 3014 latersta'tium
547 2964 651 3014 nullam
663 2964 688 3016 V
703 2961 713 3032 ll
732 2966 744 3015 1
765 2961 887 3030 quicquid
900 2963 925 3015 V
940 2962 950 3032 fl
967 2961 1118 3013 2Vtrumue
1133 2962 1283 3011 Amandus.-

216 3029 305 3083 Vtrum
323 3031 350 3084 V
366 3029 456 3082 Vtmm
474 3030 559 3082 culum
577 3046 643 3083 anne
661 3046 690 3083 os
708 3030 835 3096 Peiperll
861 3030 921 3082 culn
939 3029 966 3082 o'l
988 3028 1099 3081 iacerem
1118 3027 1154 3078 0*
1175 3027 1185 3096 l
1208 3031 1223 3080 3
1243 3027 1284 3080 Nil

215 3098 351 3151 omundius
376 3097 413 3149 0*
440 3097 646 3151 Nilommundius
670 3097 706 3150 G*
737 3099 867 3164 [Ni(o)hilo
893 3096 1013 3150 mundius
1036 3095 1104 3149 Aut
1131 3098 1171 3161 (in
1198 3098 1283 3157 testu)

214 3166 298 3219 Lacr.
315 3167 360 3232 55,
377 3166 410 3218 42
427 3164 498 3216 Nihil
515 3166 568 3229 (Nil
585 3168 613 3217 H
626 3165 669 3219 Nil
686 3170 726 3218 est
742 3169 776 3232 P)
794 3166 913 3219 mundius
930 3165 1031 3218 BHAP
1042 3166 1129 3218 Vatia.
1141 3165 1207 3217 4650
1225 3164 1283 3216 Nilo

215 3235 334 3288 mundius
351 3236 436 3286 Puris.
453 3233 524 3286 8282
542 3236 581 3297 (ia
598 3235 695 3300 marg.)
719 3234 789 3286 Nihil
805 3234 934 3287 imundins
956 3234 979 3284 L
1005 3235 1046 3298 (in
1071 3235 1168 3298 marg.)
1197 3232 1282 3284 Nihilo

215 3305 333 3356 mundior
343 3303 393 3367 θ’]
405 3304 414 3369 ll
425 3301 503 3368 nl’oqa
523 3302 559 3352 θ*
577 3305 616 3366 (ia
636 3302 656 3352 0
673 3318 751 3368 saepe
767 3303 798 3354 n¹’
810 3328 844 3347 =
855 3303 927 3367 nihil,
944 3301 1031 3362 nichil)
1050 3299 1227 3367 [nihiloqueL
1245 3302 1284 3363 (iu

214 3374 314 3438 marg.)
332 3371 423 3424 Caico.
434 3370 558 3422 Batiana.
571 3370 649 3423 44674
664 3369 749 3422 Baras.
761 3371 814 3424 458
832 3373 917 3423 Pam.
929 3372 1000 3423 8232
1025 3372 1064 3434 (ia
1081 3371 1178 3434 marg.)
1197 3369 1283 3419 Paris.

215 3442 285 3493 8286
293 3442 333 3503 (tn
341 3441 439 3505 marg.)
450 3439 574 3505 nihloque
586 3439 710 3490 Britaaa.
722 3438 802 3490 44946
820 3439 901 3492 nihilo
913 3440 962 3502 D]:
981 3439 1107 3505 nobisque
1120 3437 1142 3488 G
1159 3434 1284 3498 [ABCHL

215 3511 254 3571 (ia
276 3512 363 3574 textu)
384 3507 437 3559 ΛΡ
455 3509 540 3560 Paris.
557 3509 625 3560 825⁶
643 3509 683 3567 (in
701 3508 796 3569 teatut]
813 3506 823 3575 ΙΙ
840 3507 984 3559 inmundior
1010 3506 1055 3559 ille
1081 3507 1285 3557 Lachmannus:

213 3575 345 3628 imundius
363 3578 382 3638 fi
399 3575 500 3628 madius
520 3575 550 3638 d)
568 3575 631 3627 illud
650 3575 678 3627 V
691 3574 746 3637 [illo
762 3577 849 3628 Paris.
863 3577 933 3628 8236
949 3575 994 3625 ille
1011 3574 1097 3627 Bura.
1109 3574 1168 3636 465,
1185 3572 1285 3623 inmun·

216 3642 272 3694 dior
289 3642 334 3695 illo
351 3645 403 3707 ut]
429 3642 472 3711 Nil
494 3644 648 3696 immundius
670 3643 720 3695 hoc
736 3642 824 3710 nilque
847 3647 887 3695 est
908 3642 1062 3694 immundius
1083 3641 1130 3694 illo
1150 3640 1285 3693 Quadam

215 3708 259 3761 Nil
276 3710 431 3763 immundius
448 3711 505 3776 hoc,
523 3712 586 3763 nihil
605 3716 646 3764 est
663 3711 817 3763 immundius
834 3710 879 3762 illo
898 3711 1006 3762 aldinus
1023 3710 1083 3762 Nilo
1100 3708 1220 3761 mundius
1237 3707 1285 3758 hoc

216 3777 291 3829 nobis
309 3793 386 3844 quam
403 3779 559 3832 immundius
576 3779 640 3832 illud
658 3780 763 3832 Statius
782 3777 825 3830 Nil
842 3777 996 3830 immundius
1013 3777 1078 3844 hoc,
1096 3777 1228 3844 nihiloque
1246 3779 1285 3826 est

216 3845 335 3897 mundius
360 3845 424 3898 illud
440 3848 631 3899 Froehliahius
659 3847 702 3899 Nil
721 3846 876 3899 immundius
903 3846 952 3898 hoc
975 3845 1107 3913 nihiloque
1130 3843 1285 3896 immundius

215 3912 279 3964 illud
297 3914 421 3978 Scaliger·
436 3913 445 3982 ΙΙ
463 3918 477 3966 5
497 3930 527 3968 os
543 3916 746 3967 Froehlicbias:
770 3916 812 3967 hie
830 3915 859 3966 V
872 3915 927 3966 sine
945 3913 1064 3965 dentibus
1082 3914 1136 3965 hic:
1155 3913 1239 3964 dentis
1256 3924 1287 3964 os

215 3980 391 4033 Rossbachius
419 3982 470 4045 [hic
496 3983 579 4035 dentis
607 3999 637 4036 os
663 3984 720 4049 (hos
737 3985 773 4051 D)
798 3984 824 4033 D
846 3981 919 4036 llice.
935 3984 983 4035 606
1011 3982 1138 4034 Britanna.
1160 3981 1250 4043 44945]
1275 3976 1286 4044 l

216 4064 326 4118 seseque
343 4049 439 4102 dedalis
459 4050 484 4101 V
