2738 4672
648 279 687 343 rc,
705 281 796 342 r-m,
817 281 847 331 rr

341 449 398 521 Qui
420 456 484 509 tum
506 448 634 528 denique
655 449 767 510 habent
786 449 876 511 salem
898 468 932 511 ac
954 449 1094 530 leporem,

340 534 371 594 Si
393 542 464 595 sunt
486 533 624 595 molliculi
647 553 681 595 ac
703 553 807 614 parum
830 535 930 613 pudici

340 619 378 679 Et
399 619 479 698 quod
502 619 614 698 pruriat
635 620 758 682 incitare
780 629 914 700 possunt,

289 713 317 763 10
338 704 404 765 Non
428 703 493 764 dico
517 705 626 782 pueris,
649 706 700 766 sed
723 706 768 766 bis
790 705 900 785 pilosis,

338 788 396 860 oui
418 789 509 850 duros
531 799 685 868 nequeunt
706 809 828 851 mouere
850 790 976 852 lumbos.

338 874 406 949 Vos,
430 875 508 952 quod
528 875 607 935 milia
629 874 720 935 multa
741 874 891 937 basiorum
942 896 944 901 ⁸
982 911 990 936 .

338 959 472 1040 Legistis,
496 959 571 1021 male
595 978 640 1021 me
663 978 773 1021 marem
795 958 929 1039 putatis?

339 1043 484 1107 Pedicabo
508 1063 562 1124 ego
584 1064 639 1105 uos
661 1053 691 1105 et
711 1044 870 1107 irrumabo.

338 1379 364 1449 0
388 1383 515 1458 Colonia,
539 1401 614 1462 quae
637 1383 721 1462 cupis
743 1392 834 1463 ponte
856 1383 959 1445 ludere
980 1384 1080 1463 longo,

337 1469 375 1529 Et
396 1468 482 1530 salire
505 1476 639 1547 paratum
662 1468 764 1543 habes,
786 1470 837 1530 sed
860 1469 973 1532 uereris
994 1470 1094 1548 inepta

338 1553 430 1616 Crura
451 1554 597 1633 ponticuli
621 1553 731 1615 aculeis
752 1553 855 1616 stantis
877 1555 908 1615 in
931 1555 1081 1627 rediuiuis,

335 1639 379 1701 Ne
400 1639 526 1719 supinus
549 1647 595 1700 eat
618 1657 749 1718 canaque
771 1639 801 1699 in
825 1639 931 1719 palude
954 1639 1115 1712 recumbat,

300 1734 314 1784 5
337 1725 386 1786 Sic
408 1724 461 1786 tibi
484 1724 582 1786 bonus
604 1743 640 1786 ex
662 1734 712 1785 tua
735 1744 812 1804 pons
834 1725 955 1787 libidine
978 1726 1035 1799 siat,

335 1810 370 1872 ln
391 1829 452 1890 quo
475 1811 524 1871 uel
547 1810 725 1872 Salisubsilis
746 1829 827 1872 sacra
850 1811 1065 1892 suscipiantur:

335 1896 443 1957 Munus
465 1895 523 1956 hoc
544 1896 616 1956 mihi
638 1896 754 1956 maximi
777 1897 822 1971 da,
847 1895 976 1971 Colonia,
998 1895 1085 1956 risus.

336 1981 491 2051 Quendam
513 1981 696 2060 municipem
718 1999 816 2041 meum
839 1981 875 2041 de
897 1989 948 2042 tuo
970 1980 1038 2042 uolo
1063 1991 1154 2060 ponte

335 2066 382 2126 lro
404 2065 596 2145 praecipitem
619 2066 649 2125 iu
673 2065 768 2126 lutum
791 2083 845 2142 per
868 2073 1014 2145 caputque
1037 2067 1195 2144 pedesque,

284 2159 312 2210 10
336 2150 444 2210 Verum
466 2148 556 2210 totius
579 2158 612 2210 ut
632 2148 713 2208 lacus
735 2148 911 2227 putidaeque
934 2149 1049 2227 paludis

334 2233 518 2295 Liuidissima
540 2233 725 2311 maximeque
748 2240 793 2293 est
815 2233 963 2311 profunda
984 2251 1105 2311 uorago.

237 2392 239 2397 ,
334 2318 549 2380 Insulsissimus
572 2328 617 2379 est
638 2317 736 2389 homo,
760 2335 817 2377 nec
839 2317 915 2396 sapit
935 2317 1021 2398 pueri
1043 2318 1136 2379 instar

334 2403 441 2464 bimuli
463 2402 588 2464 tremula
611 2402 702 2480 patris
724 2401 895 2466 dormientis
917 2403 949 2464 in
971 2403 1050 2464 ulna.

334 2487 412 2561 Quoi
433 2506 500 2548 cum
523 2488 560 2549 sit
581 2486 759 2548 uiridissimo
783 2496 875 2567 nupta
897 2489 969 2549 flore
993 2488 1089 2568 puella

283 2584 311 2636 15
334 2575 383 2652 (lit
404 2572 502 2653 puella
525 2572 665 2633 tenellulo
689 2572 840 2634 delicatior
861 2574 944 2650 aedo,

333 2659 522 2721 Adseruanda
545 2657 712 2737 nigerrimis
733 2657 903 2737 diligentius
924 2660 1011 2734 uuis),

333 2744 449 2805 Ludere
470 2743 548 2803 banc
570 2743 640 2804 sinit
661 2751 695 2803 ut
715 2742 805 2819 lubet,
830 2763 886 2804 nec
908 2744 959 2825 pili
982 2743 1134 2818 lauduni,

204 2960 331 3013 Catullum
349 2961 385 3012 ita
397 2959 593 3025 respondentem
605 2961 734 3013 maliuolis
746 2976 798 3013 non
815 2961 916 3028 legistis
932 2955 1007 3012 ‘Nam
1019 2962 1116 3011 castum
1127 2987 1161 2995 -
1174 2972 1283 3014 necesse

203 3021 276 3082 est'?
287 3028 296 3095 11
308 3031 374 3081 5-8
387 3028 491 3080 Plinius
503 3032 576 3094 epist.
585 3031 609 3093 4,
618 3030 683 3093 115
696 3029 790 3082 scimus
808 3029 905 3112 alioqui
917 3028 992 3080 buius
1004 3026 1121 3094 opusculi
1138 3025 1209 3077 illam
1222 3042 1283 3082 esse

203 3098 363 3149 uerissimam
387 3096 470 3161 legem
494 3112 570 3162 quam
589 3096 703 3148 Catullus
725 3098 850 3165 expressit
877 3096 940 3149 Nam
959 3101 1058 3148 castum
1075 3123 1108 3132 —
1126 3109 1215 3162 pamm
1234 3112 1282 3164 pu-

203 3158 265 3217 dici'
284 3164 294 3233 1
312 3166 327 3216 6
345 3164 471 3217 uersiculo
489 3164 620 3216 librorum
634 3165 718 3216 Plinii
735 3168 830 3231 optimi
847 3165 980 3217 medicans
997 3167 1022 3214 at
1038 3165 1182 3214 anticanus
1198 3163 1208 3230 11
1224 3179 1281 3216 rec·

203 3247 275 3286 cesse
287 3232 324 3283 0*
340 3230 350 3299 1
368 3236 382 3284 'l
402 3231 461 3286 tr‘rO
478 3235 545 3284 tami
557 3232 579 3283 G
590 3249 647 3284 sscr
659 3233 690 3284 al'
703 3236 770 3297 tusg
788 3238 849 3285 tunc
867 3234 932 3284 iibri
942 3233 1060 3298 pliniani
1075 3229 1085 3300 11
1104 3234 1119 3284 8
1137 3234 1197 3283 sunt
1216 3232 1281 3282 libri

198 3303 333 3368 pliniani:
353 3301 404 3352 sint
423 3300 447 3352 V
464 3297 472 3366 ΙΙ
493 3304 523 3353 tu
541 3300 591 3352 biis
608 3300 708 3368 pillosis
727 3299 762 3350 0*
779 3299 789 3367 1
809 3303 839 3353 12
857 3301 909 3354 Hos
929 3300 964 3352 θ’
980 3299 1180 3378 Mammam.
1189 3299 1234 3360 53,
1243 3299 1279 3352 12
1305 3315 1308 3322 ’

201 3369 317 3506 gqapdd:
335 3385 365 3489 pe
384 3369 409 3422 V
427 3367 573 3488 [limfa]
592 3369 652 3437 quei
670 3367 844 3419 Rossbachius
861 3384 939 3436 quom
957 3370 1022 3422 Luc.
1040 3369 1151 3420 Mnauar
1166 3364 1177 3435 ΙΙ
1198 3366 1280 3420 millia

257 3438 261 3505 1
286 3441 317 3492 11
357 3437 427 3490 edica
448 3453 463 3488 o
920 3445 924 3456 '

287 3506 513 3559 lucumonem
530 3504 635 3556 nullum
659 3501 684 3556 V
697 3502 707 3571 1
735 3506 747 3558 1
767 3501 787 3554 0
806 3502 865 3555 culo
883 3479 916 3555 iii'
928 3518 994 3570 aque
1013 3504 1039 3556 V
1054 3505 1063 3570 11
1080 3503 1165 3555 ledere
1183 3503 1210 3555 V
1224 3504 1279 3555 loe-

202 3573 262 3625 dere
282 3573 403 3639 Scaliger
426 3573 436 3641 11
460 3576 475 3625 3
494 3573 592 3626 exuleis
614 3573 724 3640 scripsi:
748 3586 777 3622 ac
796 3560 1050 3624 saiwandans
1067 3571 1178 3622 liiiisius
1196 3571 1279 3624 anulis

201 3641 325 3693 Handius
342 3642 436 3694 assulis
446 3642 550 3693 Statius
566 3641 576 3709 11
593 3642 685 3693 stantis
695 3640 812 3692 Statius:
831 3640 908 3692 tantis
920 3629 1147 3709 ΠΤεῑῖιΤιιῖεὌ*
1163 3638 1173 3707 11
1189 3642 1279 3706 lsup·

202 3710 277 3777 pinus
289 3707 325 3761 0*
343 3708 353 3776 11
370 3724 483 3778 canaque
496 3709 532 3760 0*
549 3711 559 3779 11
576 3712 592 3762 6
610 3708 767 3762 Salisubsilis
779 3708 882 3759 Statius
898 3706 1075 3773 (Salisubsulis
1086 3710 1133 3772 asi:
1152 3707 1200 3758 sali
1218 3709 1279 3759 sub-

202 3777 242 3830 sili
263 3777 292 3829 V
305 3777 363 3840 [sali
381 3777 478 3830 subsali
495 3778 582 3840 ΒΗΛ]
602 3776 786 3843 Salisubsu(i)li
804 3794 828 3827 as
851 3775 1003 3828 Salisubsali
1023 3775 1180 3895 Bergkiusp
1198 3775 1278 3827 susci-

201 3846 273 3912 piant
285 3846 312 3898 V
323 3846 334 3912 1
353 3849 367 3897 ‘l
386 3845 488 3897 maximi
505 3845 555 3897 aG
573 3848 699 3897 amissum
717 3848 746 3896 in
762 3860 849 3910 marg.
859 3844 914 3895 add
923 3843 956 3895 G¹
973 3841 984 3912 1
1001 3845 1015 3896 8
1034 3842 1148 3903 Quidam
1187 3863 1193 3895 :
1212 3843 1278 3904 Que-

202 3913 259 3965 dam
280 3912 343 3982 0*1
368 3916 398 3966 10
417 3912 506 3981 pudice
525 3928 537 3962 s
556 3913 585 3964 V
597 3913 757 3980 punicaeque
778 3914 890 3980 Haysius
906 3911 915 3978 1
933 3910 1040 3977 paludes
1059 3910 1088 3962 V
1104 3911 1108 3978 Ι
1137 3913 1167 3965 12
1185 3910 1277 3963 lnsulsi

201 3983 281 4034 simus
302 3980 338 4032 0*
359 3981 369 4050 1
393 3983 424 4034 13
442 3929 535 4032 1111111Ἱί
556 3981 592 4031 0*
614 3980 624 4048 1
647 3983 679 4035 14
696 3980 741 4031 (lui
759 3981 844 4033 iocum
862 3980 896 4031 sit
914 3979 944 4030 V
955 3978 965 4046 11
986 3982 1016 4031 15
1036 3976 1070 4030 Vt
1129 3979 1175 4032 Est
1193 3980 1278 4031 Laeb-

201 4066 316 4103 mannus
333 4049 342 4118 1
360 4048 494 4102 tenellullo
514 4046 549 4099 0*
565 4045 575 4116 1
593 4048 641 4101 edo
660 4049 689 4100 V
700 4045 710 4113 1
729 4049 760 4103 16
778 4046 940 4100 Asseruanda
959 4046 980 4098 G
997 4045 1006 4115 11
1023 4047 1152 4114 nigerimis
1172 4047 1209 4097 0*
