2738 4672
529 298 569 361 25,
588 299 679 359 s-2r,
699 301 712 347 a

210 467 323 547 Inepte,
347 486 421 546 qnae
443 468 539 546 palam
561 468 637 529 soles
660 467 768 528 habere
789 477 938 546 tamquam
959 469 1045 530 auita.

210 552 291 623 Quae
314 571 396 614 nunc
418 552 476 613 tuis
499 552 535 612 ah
559 552 709 630 unguibus
731 553 877 631 reglutina
900 562 929 614 et
943 555 1077 629 -remitte,

160 646 187 698 10
209 637 252 698 Ne
274 637 392 698 laneum
415 637 592 699 latusculum
614 656 777 716 manusque
799 639 968 700 mollicellas

211 722 310 783 lnusta
332 722 459 802 turpiter
481 721 534 782 tibi
556 722 668 801 flagella
691 722 920 798 conscribillent,

210 807 247 867 Et
269 807 432 868 insolenter
454 816 569 874 aestues
592 807 674 869 uelut
694 813 805 869 minuta
825 826 934 886 magno

210 893 362 971 Deprensa
385 892 469 954 nauis
491 893 521 952 in
544 893 618 952 mari
641 893 813 955 nesaniente
836 903 936 954 uento.

212 1090 296 1168 Furi,
319 1094 419 1155 uillula
441 1103 542 1156 nostra
566 1114 627 1155 non
650 1095 685 1155 ad
708 1096 798 1157 austri

211 1179 309 1242 Fletus
332 1179 466 1260 opposita
489 1188 533 1241 est
555 1199 653 1258 neque
675 1181 710 1241 ad
733 1181 837 1242 fanoni

209 1264 268 1326 Nec
292 1266 372 1327 saeui
394 1264 502 1326 boreae
525 1273 575 1325 ant
596 1266 768 1344 apheliotae,

142 1429 144 1433 y
174 1358 176 1367 '
208 1348 316 1412 Verum
339 1351 374 1410 ad
397 1350 474 1410 milia
499 1351 666 1430 quindecim
689 1361 718 1411 et
740 1352 893 1412 ducentos.

174 1445 187 1494 5
211 1435 234 1496 0
259 1443 381 1497 uentum
403 1435 576 1497 horribilem
598 1444 686 1515 atque
709 1436 911 1515 pestilentem'l

81 1635 124 1704 27
210 1635 347 1701 Minister
369 1640 461 1701 netuli
483 1659 559 1719 puer
581 1641 694 1714 falerni,

209 1723 298 1802 lnger
319 1724 359 1783 mi
383 1725 487 1784 calices
509 1725 678 1798 amariores,

209 1807 314 1867 Vt'lex
336 1808 502 1869 Postumiae
525 1808 607 1868 iubet
628 1809 783 1887 magistrae

209 1892 332 1952 Ebriose
355 1893 439 1952 acino
462 1892 641 1954 ebriosioris.

118 1971 123 1981 ’
174 1988 188 2037 5
210 1981 247 2036 At
269 1995 323 2038 uos
345 1996 402 2055 que
427 1977 508 2038 lubet
530 1978 598 2038 hinc
620 1978 706 2052 abite,
729 1977 876 2057 lymphae,

210 2061 275 2122 Vini
298 2062 453 2141 pernicies,
477 2064 562 2123 etad
584 2081 705 2125 seueros

209 2147 346 2226 Migrate:
368 2147 416 2213 hic
439 2165 539 2209 merus
562 2157 606 2210 est
628 2147 828 2229 Thyonianus.

78 2364 282 2377 -—

166 2417 180 2467 8
198 2415 317 2482 lnepteqe
334 2415 363 2467 V
375 2430 468 2480 corrg
484 2414 494 2481 1
511 2419 526 2467 9
544 2415 634 2468 remite
654 2415 690 2466 0*
707 2413 716 2483 1
737 2418 767 2467 10
786 2415 903 2483 natisque
917 2412 1154 2482 Scaligerlrnolli-

81 2482 150 2535 celas
170 2483 207 2533 0*
223 2480 233 2550 11
252 2486 280 2536 11
301 2483 385 2534 lnsula
399 2483 425 2534 V
439 2485 448 2548 11
466 2484 647 2536 conscribilent
660 2484 688 2536 V
701 2483 882 2535 conseribilent
900 2482 1002 2548 liegelle
1018 2482 1154 2534 Turnebus

79 2555 88 2619 11
110 2553 142 2602 12
161 2551 231 2602 uelut
248 2551 350 2602 inimica
371 2551 399 2603 V
410 2551 420 2618 1
438 2553 469 2603 13
488 2551 615 2616 Deprensa
636 2552 685 2603 0*:
705 2551 865 2618 Deprehensa
886 2551 906 2600 G

164 2618 202 2673 26
221 2619 396 2669 lateralibum
414 2619 517 2670 nullum
530 2620 561 2670 V.
587 2619 625 2670 Ad
638 2619 740 2671 Furium
758 2621 787 2668 iu
804 2632 922 2682 marg.g
938 2616 947 2682 ΙΙ
969 2620 980 2670 l
1001 2621 1098 2682 ur'b(=
1111 2634 1154 2670 ue-

79 2688 142 2750 stre)
161 2686 211 2736 0⁴¹:
230 2691 316 2738 nostra
334 2686 355 2737 G
373 2684 415 2753 112
435 2703 476 2738 em
493 2687 556 2754 0*1
573 2687 669 2750 lauonij
686 2686 707 2737 G
725 2687 733 2748 11
751 2687 765 2737 3
785 2685 914 2750 apheliote
932 2686 971 2737 V:
990 2685 1120 2751 apeliotae‘
1131 2690 1154 2736 oe

73 2755 86 2822 11
105 2754 221 2807 amillio
241 2753 304 2822 G*ll
323 2757 338 2805 5
358 2751 504 2819 horribilem
521 2756 682 2820 (suppuneil
700 2753 742 2815 (ll,
759 2757 791 2803 ut
805 2754 924 2816 uidetur)
944 2753 965 2806 G

161 2820 200 2876 ,27
218 2822 393 2875 lueeeuuum
410 2822 514 2873 mellum
528 2824 558 2875 V.
588 2821 628 2873 Aa
647 2822 793 2888 pincernam
811 2836 884 2873 snum
902 2823 932 2872 iu
949 2836 1035 2886 marg.
1048 2821 1104 2876 cdd
1112 2837 1134 2886 g

81 2893 149 2942 1-4
166 2894 263 2944 citauit
281 2890 381 2942 Gellius
397 2895 467 2943 noct.
477 2895 524 2941 att.
534 2893 557 2954 6,
566 2891 609 2952 20,
618 2893 642 2941 6.
670 2887 706 2949 es.
724 2887 801 2949 infra
818 2889 855 2940 ad
865 2892 916 2941 ul
933 2889 943 2960 1
963 2894 974 2942 1
995 2889 1084 2945 falerni
1095 2889 1132 2940 0*

79 2960 95 3013 θ
114 2957 187 3024 loger
205 2960 269 3009 libri
287 2960 350 3009 bene·
364 2959 493 3024 pelliani:
511 2958 599 3023 lugere
620 2959 650 3010 V.
676 2959 840 3023 respuent.
858 2973 884 3009 u.
900 2959 992 3024 glarea
1010 2957 1155 3014 Pttleeeot

78 3027 153 3090 inger
175 3024 318 3093 atumem
339 3028 414 3092 apud
429 3026 581 3077 Lebbae'eem
596 3042 622 3092 p.
640 3023 687 3078 95⁶
707 3027 717 3091 11
740 3028 755 3078 3
773 3026 918 3091 posthumie
938 3027 959 3078 G
978 3025 988 3095 1
1011 3030 1028 3079 4
1045 3025 1154 3082 Ebrioso

80 3094 164 3154 acino]
184 3094 252 3143 boue
269 3095 408 3148 lectionem
416 3094 518 3146 Gellius
531 3096 561 3143 in
574 3093 671 3147 Catulli
687 3098 829 3160 eomuptie,
846 3100 878 3145 ut
885 3099 1006 3161 putauit,
1022 3095 1154 3160 cuempia-

79 3162 157 3212 eibue
173 3161 290 3211 inuenit:
308 3162 414 3214 Ebriose
432 3163 506 3213 acino
526 3163 554 3214 V
565 3160 671 3215 Ebriose
687 3162 822 3216 aetneeu
839 3161 897 3223 fere
915 3165 979 3215 libri
993 3163 1107 3227 galliani
1123 3165 1153 3211 in

82 3226 184 3280 Catulli
201 3242 291 3279 uerae.
324 3233 354 3280 in
375 3231 436 3280 aliie
454 3230 552 3281 Catulli
567 3231 761 3296 exemplaribus
780 3230 878 3282 Gellius
896 3233 962 3296 legit
978 3230 1037 3284 Ebri
1095 3229 1108 3263 ='
1145 3266 1152 3291 ‚

78 3296 153 3363 qued
170 3295 303 3349 Gaulum
319 3299 408 3362 ipsum
421 3299 561 3362 <serapeum
578 3301 694 3364 censuit,
715 3303 746 3353 iet
762 3299 867 3353 Ebriosa
891 3300 964 3350 acina
978 3315 1002 3350 ,e
1015 3302 1051 3351 itu
1068 3296 1152 3361 uulgo

78 3365 267 3430 aenobarbum.
291 3364 394 3419 ,Gellius
411 3368 481 3417 mbo
493 3366 509 3418 l.
523 3382 544 3419 c.
563 3367 595 3418 de
613 3369 689 3423 ueto
701 3368 836 3422 abablium
852 3367 1070 3432 debpulemboee
1086 3367 1153 3415 ecri-

75 3435 133 3500 peu
150 3435 182 3484 ab
200 3433 434 3498 llattptiolopuec.
446 3435 473 3498 2,
484 3434 544 3499 425)
561 3435 714 3489 emendata:
739 3434 853 3489 Catullus
871 3448 974 3500 quoque
992 3432 1152 3498 elegantissi-

77 3515 136 3556 mus
151 3505 287 3568 poetarum
311 3501 340 3557 'tn
355 3501 425 3555 hisce
448 3502 564 3556 uersibus
580 3498 706 3556 ‘Minister
728 3503 809 3563 netuli
832 3516 895 3568 puer
917 3500 1007 3554 taleam
1025 3527 1059 3541 -·
1073 3499 1150 3553 Ebria

79 3570 152 3621 aeine
164 3569 363 3634 (burtoseaeiee
372 3570 437 3621 libri
446 3571 570 3636 getliuui)
584 3563 752 3629 ebriosioris'‚
770 3585 829 3627 uum
841 3569 925 3623 dicere
936 3563 1026 3623 ‘ebrio'
1044 3568 1151 3633 (ebriosi

79 3638 154 3701 libai)
169 3642 260 3703 posset
277 3642 311 3701 et,
329 3638 399 3705 quod
411 3645 471 3691 aeret
483 3640 611 3702 cuiauis,
628 3631 747 3692 ‘acinum‘
762 3637 796 3691 in.
806 3641 895 3690 neutro
908 3651 1000 3703 genem
1012 3636 1150 3704 appellare,

78 3720 167 3760 amans
184 3705 372 3760 tamenabiatus
389 3707 459 3764 illins
474 3707 598 3761 ,bonerii
612 3706 767 3761 suauitatem
784 3698 900 3760 ‘ebriam’
921 3704 1058 3768 (ebriosam
1076 3707 1151 3767 libri)

74 3773 143 3824 uixit
160 3781 268 3840 propter
287 3775 450 3842 insequentis
470 3771 495 3825 ‘a
568 3789 627 3826 erae
642 3817 643 3820 ,
749 3779 810 3827 tum.
846 3773 890 3839 qui
913 3767 1033 3829 ‘ebriosa’
1055 3772 1150 3836 (ebrios

78 3841 151 3905 libri)
170 3841 395 3897 anteubetntlum
408 3843 507 3896 uixisse
525 3848 616 3909 putant
628 3845 672 3897 aut
688 3835 810 3894 ‘ebrioso‘
821 3841 949 3907 (ebriosos
962 3842 1034 3907 libre)
1046 3870 1080 3884 -ι
1092 3856 1150 3894 nant

78 3909 105 3962 id
123 3924 226 3976 quoque
246 3916 340 3963 temere
358 3911 479 3975 scriptum
497 3910 626 3966 inuenitur
642 3937 690 3973 -,
713 3910 739 3961 in
762 3909 842 3962 libros
859 3909 957 3963 scilicet
972 3909 1007 3963 ule
1022 3909 1151 3974 corruptis

79 3977 268 4096 enepplaribns
277 3977 370 4096 'tactos
387 3979 530 4030 inciderunt
547 3977 556 4045 1
574 3981 588 4029 5
607 3977 645 4033 Aa
667 3977 702 4029 0*
720 3978 730 4041 11
747 3977 816 4043 quod
834 3977 906 4030 iubet
924 3978 953 4030 V
965 3976 974 4044 11
990 3978 1086 4046 litnphe
1104 3977 1129 4030 V

79 4048 93 4096 'l
113 4051 124 4095 t
141 4045 259 4097 ionianns

913 4129 945 4182 2*
