2738 4672
559 326 565 339 ·
671 319 712 395 ει,
731 319 856 380 3-5n2
880 374 881 378 Ἴ

358 487 415 558 Qui
437 488 544 550 sedens
565 489 707 551 aduersus
728 488 886 550 identidem
909 496 939 549 te

357 572 477 653 Spectat
497 581 527 634 et
548 573 628 634 audit

322 703 336 752 1
358 692 448 753 Dulce
471 691 625 765 ridentem,
647 685 754 755 misere
767 692 857 772 *quod
879 692 976 755 omnis

358 776 454 856 Eripit
474 796 579 839 sensus
601 779 689 839 mihi:
713 796 781 838 nam
803 777 891 838 simul
911 786 950 851 te,
997 846 999 850 ¹

323 889 325 897 0
359 862 473 938 Lesbia,
497 863 607 942 aspexi,
631 863 703 925 nihil
726 871 770 925 est
791 881 881 942 super
902 862 943 923 mi

358 1066 472 1145 Lingua
495 1067 545 1127 sed
568 1073 676 1145 torpet,
697 1065 795 1128 tenuis
816 1066 872 1128 sub
894 1073 975 1127 artus

310 1161 338 1212 10
359 1149 487 1212 Flamma
509 1151 654 1226 demanat,
677 1151 777 1213 sonitu
799 1159 904 1231 suopte
1009 1200 1011 1203 .

339 1236 514 1311 ‚Tintinant
535 1254 628 1310 aureS,
651 1236 768 1316 gemina
789 1245 931 1317 teguntur

360 1320 485 1382 Lumina
508 1329 604 1382 necte.

361 1439 470 1514 Otium,
493 1439 609 1514 Catulle,
631 1440 685 1501 tibi
707 1440 862 1503 molestum
886 1448 945 1503 est:

361 1525 427 1586 Otie
450 1525 561 1587 exultas
583 1525 765 1607 nimiumque
787 1526 886 1606 gestis·

207 1611 208 1614 ’
310 1620 338 1671 11
361 1609 469 1671 Otium
484 1619 513 1672 et
533 1629 619 1690 reges
640 1612 723 1692 prius
745 1621 776 1674 et
796 1612 897 1674 beatas

359 1696 489 1758 Perdidit
509 1695 621 1758 urben

235 1879 294 1951 52·
361 1880 439 1968 Quid
461 1892 514 1958 est,
537 1880 669 1946 Catulle?
692 1883 763 1961 quid
784 1883 909 1945 meraris
931 1880 1044 1944 cmcril

361 1968 438 2029 Sella
460 1969 491 2030 in
515 1969 610 2031 emuli
632 1978 743 2030 struma
765 1969 877 2030 Nonius
899 1969 989 2044 sedet,
1013 2004 1014 2007 =

235 2123 292 2171 τίοι
311 2136 354 2170 τοι
376 2113 461 2182 ἱζάνει
484 2119 529 2167 καὶ
552 2114 668 2182 πλησίον
691 2104 742 2168 dtu
760 2113 901 2186 φωνεῦσαε
917 2111 1048 2168 ὑπακούει
1067 2116 1072 2185 Ι
1094 2117 1161 2167 ‘Kal
1177 2112 1309 2187 γελοίσαε

162 2195 165 2201 “
235 2182 350 2257 ἱμερόεν,
370 2183 402 2237 τό
419 2203 465 2252 μοι
482 2181 537 2251 μὰν
553 2180 670 2253 καρδίαν
690 2186 721 2234 ἐν
738 2183 871 2250 στήθεσιν
892 2181 1035 2236 ἐπτόασεν.
1071 2177 1108 2236 a‘is
1124 2201 1155 2237 σε
1174 2181 1226 2256 γὰρ
1242 2181 1307 2250 ἴδοι,

235 2257 353 2323 βροχέοιε
368 2273 402 2320 με
419 2249 512 2322 φώναε
529 2247 607 2302 οὐδὲν
624 2247 664 2304 ἔτ’
682 2252 760 2303 εἴκει·
776 2255 780 2318 Ι
796 2247 892 2304 οἈλλοὶ
909 2272 963 2318 καμ
980 2254 1031 2318 μὲν
1042 2250 1155 2323 γλῶσσα
1169 2255 1246 2324 ἔαγε·
1265 2251 1308 2305 λε-

236 2319 307 2375 πτὸν
325 2317 354 2373 δ’
375 2316 471 2373 αὐτίκα
489 2320 545 2386 χρῶ
563 2319 618 2389 πῦρ
634 2312 864 2389 ὑποιδεδρόμοκεν.
897 2314 1050 2374 ὂππάτεσσι
1068 2315 1096 2371 δ’
1116 2315 1196 2372 οὐδὲν
1214 2314 1307 2392 ὄρηρί,

237 2386 424 2463 ἐπιρρόμβεισι
436 2385 465 2440 δ’
479 2385 585 2439 dnonas·
601 2392 605 2449 l
624 2385 680 2440 ¹³‘A
691 2383 723 2439 δέ
732 2383 765 2454 μ’
780 2384 860 2457 ἱδρὼς
872 2392 1020 2453 seduxisses,
1037 2382 1135 2458 τρόμος
1152 2386 1182 2441 ti
1199 2393 1307 2442 παῖσαν

237 2454 320 2529 ἄγρει,
338 2456 492 2527 χλωροτέροι
509 2451 539 2506 δὲ
556 2461 634 2509 nolae
653 2451 747 2523 Ἐμμν
765 2453 907 2522 τεθνάκην
924 2453 954 2508 d'
974 2451 1057 2528 ὀλίγοι
1073 2453 1194 2524 'uiderint
1211 2461 1308 2525 φαίνο-

235 2543 284 2604 ραι
298 2523 375 2580 attia.
401 2527 577 2578 interstitium
587 2525 620 2591 V,
637 2526 708 2592 quod
720 2527 798 2577 titulo
808 2525 848 2577 Ad
861 2526 968 2577 lesbiam
980 2527 1127 2591 eupleuitg
1140 2528 1149 2594 ll
1168 2530 1181 2579 1
1195 2526 1308 2578 michi‘C

237 2605 305 2693 do,
322 2631 372 2680 επ
389 2629 464 2680 miani
482 2629 601 2678 musaeu
612 2630 642 2678 ιι
659 2627 724 2692 mg
739 2623 749 2693 p
765 2627 847 2694 impar
867 2627 916 2696 Vp
934 2629 948 2679 a
967 2629 993 2679 ιε
1005 2628 1089 2689 σοιν,
1107 2628 1190 2692 aaug
1208 2627 1217 2692 p
1234 2630 1252 2680 4
1270 2626 1308 2680 Te

238 2702 336 2764 spectat
354 2698 386 2759 V,
404 2697 476 2763 quod
482 2699 609 2747 mutauit
625 2699 655 2746 in
674 2694 814 2762 Spectatg
839 2695 849 2764 l
875 2700 889 2750 5
908 2696 1051 2762 miseroque
1070 2695 1107 2760 V,
1126 2697 1188 2746 inde
1211 2695 1307 2747 misero

256 2764 335 2830 ucdg
350 2763 361 2833 ll
379 2769 392 2817 l
413 2765 496 2834 supmi
506 2765 539 2828 V,
556 2765 690 2816 disiunnit
706 2765 844 2830 uccutusg
861 2765 871 2834 ΙΙ
888 2767 903 2817 8
921 2766 1095 2815 interstitium
1112 2764 1217 2815 nulium
1233 2767 1265 2814 in
1277 2765 1307 2818 V.

237 2783 314 2884 iocis
332 2833 358 2883 in
376 2848 419 2884 cre
436 2833 571 2899 suppleuit
581 2833 681 2885 Franc.
693 2832 782 2884 Bitian
809 2832 915 2885 Gutture
933 2833 1004 2885 uocis
1020 2832 1197 2897 Westplmiius
1227 2831 1263 2883 mi
1281 2832 1320 2883 in'

238 2900 345 2951 Pectore
362 2901 433 2952 uocis
445 2901 561 2952 Plautum·
579 2900 656 2952 Vocis
674 2901 768 2952 amanti
780 2901 907 2952 Mutunu-
922 2900 932 2968 11
951 2904 982 2952 10
1000 2899 1112 2951 Flamina
1127 2900 1156 2952 V
1167 2901 1177 2967 ss
1195 2903 1224 2953 ll
1246 2898 1309 2952 Tin·

239 2968 344 3020 tin'atG
371 2967 507 3020 Tintieto
533 2968 643 3032 [tintinat
660 2970 690 3019 A
716 2970 835 3022 tintinnat
851 2968 919 3022 Aet
944 2968 1066 3025 'tintinant
1089 2983 1152 3018 cerr
1168 2966 1200 3030 L]
1225 2966 1236 3035 ΙΙ
1247 2983 1315 3042 Ek

238 3037 321 3116 minae
344 3036 478 3088 Schrader
508 3037 608 3102 gemina
633 3041 658 3106 et
681 3037 838 3103 Spsngciius
870 3036 953 3103 gelida
976 3037 1162 3088 Bceireusius.
1202 3052 1239 3086 an
1265 3051 1309 3103 ge·

238 3120 305 3164 mina
324 3105 479 3170 obteguntur
495 3105 619 3157 Lumina?
635 3108 644 3174 ΙΙ
662 3108 692 3158 12
710 3105 805 3157 Limina
821 3106 842 3158 G
856 3105 867 3173 11
886 3109 925 3158 13.
937 3106 976 3158 14.
988 3106 1018 3157 15
1037 3102 1132 3166 Ouium,
1152 3102 1213 3156 Ocic
1228 3105 1260 3168 V,
1279 3109 1310 3156 in

238 3190 264 3225 u.
282 3174 314 3224 ti
331 3173 423 3234 fun-at
439 3175 469 3223 in
488 3172 509 3225 C
527 3171 624 3237 Otium,
648 3174 695 3224 sed
711 3177 828 3225 mutauit
843 3176 873 3224 in
891 3172 979 3226 Ocium
994 3171 1041 3239 gli
1061 3173 1092 3226 13
1111 3171 1199 3224 catulli
1219 3171 1240 3224 d
1269 3188 1311 3225 ca-

152 3256 154 3259 ·
238 3241 286 3294 tuli
306 3241 333 3293 0.
359 3257 436 3307 saepe
454 3241 605 3292 dubitatum
622 3246 660 3291 est
676 3257 740 3292 num
757 3257 803 3294 uu.
818 3243 916 3294 di-id
934 3241 1080 3293 clausulam
1097 3239 1218 3292 carneti
1236 3247 1311 3292 recte
1344 3249 1345 3253 ’

239 3310 361 3372 efficiunt
376 3309 386 3379 ll
405 3311 444 3362 15.
464 3311 495 3362 16
513 3310 637 3360 ieremias
653 3310 736 3383 tuden
753 3311 785 3361 de
800 3311 980 3376 Montagncne
996 3310 1140 3362 Paduanus
1158 3310 1321 3372 compendii¹

237 3378 382 3429 moralium
399 3379 557 3428 notabilium
573 3382 643 3443 part.
661 3377 705 3428 111
725 3379 784 3429 uir.
803 3378 859 3429 1111
874 3378 977 3431 Catulus
996 3394 1018 3430 c.
1037 3382 1052 3432 5
1068 3373 1167 3430 ‘Ocium
1190 3379 1215 3427 et
1232 3391 1312 3444 reges

238 3447 308 3513 prius
326 3443 352 3498 e't
370 3448 458 3498 beatas
477 3445 576 3511 peredit
593 3445 720 3510 (reddidit)
739 3447 815 3498 urbes

323 3513 360 3568 52
378 3515 554 3566 interstitium
570 3517 600 3564 in
618 3514 650 3580 V,
667 3516 697 3565 in
715 3530 766 3580 quc
781 3530 802 3579 g
819 3518 927 3580 scripsit
942 3515 969 3565 ln
988 3512 1126 3581 Noniuml
1146 3516 1156 3564 1
1176 3512 1241 3564 meri
1259 3514 1290 3566 V
1302 3513 1312 3583 l

241 3583 256 3632 2
275 3582 363 3632 curuln
383 3582 419 3631 0*
435 3583 445 3649 l
464 3581 563 3634 Struma
582 3601 613 3634 οι.
646 3583 719 3649 apud
737 3583 853 3634 Marium
870 3582 1046 3646 Victorinum,
1064 3585 1111 3648 qui
1127 3584 1158 3632 in
1174 3581 1312 3646 fingendis

240 3649 366 3714 exemplis
388 3654 506 3702 metricis
528 3656 570 3701 ter
587 3653 635 3702 noe
651 3667 732 3702 uersu
749 3655 851 3717 utitur,
875 3655 916 3702 ter
938 3654 968 3701 in
992 3650 1128 3702 codicibus
1144 3666 1194 3716 pro
1213 3654 1313 3703 struma

242 3717 341 3781 legitur
353 3718 475 3784 sttclrosa,
488 3735 517 3785 p.
531 3720 586 3781 tec,
596 3721 629 3770 20
637 3719 665 3772 K.
683 3720 731 3772 erit
748 3720 774 3770 in
792 3719 909 3785 exemplo
927 3733 1017 3770 uersus
1036 3718 1077 3769 hic
1087 3712 1166 3769 ‘Sella
1183 3718 1210 3768 ia
1227 3719 1313 3770 curuli

242 3785 323 3836 scrofa
342 3783 441 3838 Nonius
459 3781 553 3850 sedet';
578 3785 613 3848 cf.
631 3789 693 3841 ibid.
709 3804 737 3853 p.
755 3789 869 3851 111125.
888 3786 944 3848 157,
960 3787 983 3838 1.
1018 3787 1144 3836 similiter
1160 3788 1231 3837 tunc
1248 3801 1314 3837 usr-

240 3868 299 3903 sum
318 3853 424 3904 Caesius
442 3855 552 3920 Bassus,
570 3873 604 3907 επ
622 3872 673 3921 quc
691 3857 795 3908 Marius
814 3857 969 3910 {lietduinus
991 3870 1041 3905 tua
1059 3856 1157 3917 Mutii,
1175 3858 1216 3904 ter
1233 3853 1313 3906 adni-

242 3923 301 3971 11111
317 3937 382 3972 uera
400 3926 488 3974 tamen
505 3929 641 3990 scriptura
660 3928 754 3976 struma
772 3928 880 3975 seruata
904 3925 934 3972 in
952 3923 1009 3974 icco
1028 3927 1143 3972 ceterum
1163 3925 1193 3972 in
1211 3922 1313 3974 cedici-

242 3991 290 4040 llus
302 3993 428 4054 grauiter
446 3996 573 4055 corrupto
588 4008 614 4057 p.
627 3992 685 4054 257,
697 3992 748 4045 811,
784 3993 855 4044 euius
872 3993 1009 4056 (trimetri)
1027 3990 1169 4057 exemplum
1187 3983 1264 4046 ‘Sella
1284 3991 1314 4044 in

243 4058 324 4110 curuli
342 4061 438 4109 struma
455 4057 552 4110 Nonius
570 4052 662 4111 sedet'.
699 4059 734 4120 cs.
752 4060 855 4111 Plinius
871 4063 928 4111 nct.
946 4060 1006 4111 luist.
1024 4061 1064 4125 57,
1076 4060 1107 4110 81
1126 4072 1234 4124 gemma,
1250 4072 1314 4126 pre·
