2738 4672
215 267 236 323 4
685 273 709 335 4,
729 273 811 322 1-14

215 438 236 508 4
342 438 500 506 Phasellus
522 441 570 502 ille
593 460 680 520 quem
703 443 819 516 uidetis,
843 444 982 522 hospites,

341 529 389 587 Au
411 526 501 588 luisse
525 528 645 587 nauium
668 528 846 602 celerrimus,

342 613 444 691 Neque
466 611 554 673 ullius
578 613 705 674 natantis
727 615 870 693 impetum
891 613 981 674 trabis

342 697 486 775 Nequissc
509 698 681 777 praeterire,
704 698 766 760 siue
789 698 925 776 palmulis

306 793 321 842 o
344 781 427 861 Opus
449 783 526 843 loret
548 783 648 844 uolare
671 783 734 844 siue
756 782 857 843 linteo.

342 866 380 927 Et
403 868 459 927 hoc
482 876 571 947 negat
591 868 711 928 minacis
733 867 871 928 Adriatici

342 953 456 1032 Negare
478 952 546 1014 litus
569 953 717 1014 insulasue
741 952 880 1032 Cycladas

342 1037 536 1116 Rhodumque
560 1037 688 1098 nobilem
712 1038 921 1116 horridamque
943 1036 1082 1098 thraciam

342 1122 523 1201 Propontida
544 1132 696 1184 trucemue
718 1123 872 1202 ponticum
895 1123 1003 1196 sinum,

294 1216 321 1266 10
343 1206 397 1266 Vbi
420 1207 474 1267 iste
498 1216 565 1287 post
586 1207 734 1287 phasellus
757 1216 841 1269 antea
863 1208 919 1268 iuit

344 1292 460 1352 Comata
483 1292 570 1354 silua:
598 1311 664 1353 nam
688 1293 799 1374 cytorio
822 1293 852 1354 in
875 1294 944 1372 iugo

343 1378 496 1454 loquente
520 1397 607 1458 saepe
630 1378 746 1440 sibilum
771 1379 861 1440 edidit
884 1397 977 1438 coma.

343 1462 469 1523 Amastri
490 1464 609 1541 pontica
632 1472 661 1524 et
684 1464 785 1544 Cytoro
807 1464 932 1533 buxifer,
1070 1460 1071 1463 ’

344 1547 410 1607 Tibi
432 1548 504 1608 haec
527 1549 616 1610 luisse
640 1556 669 1609 et
691 1569 756 1612 esse
779 1548 980 1628 cognitissima

215 1714 322 1780 ocellos)
333 1731 361 1781 p.
373 1715 519 1770 5980ram.
550 1716 663 1768 Catullus
679 1710 745 1768 ‘Tua
763 1732 830 1769 nnnc
848 1731 926 1782 opera
944 1729 1011 1766 mea
1029 1730 1054 1780 p.
1067 1712 1163 1764 Flendo
1181 1714 1292 1778 turgi-

215 1783 280 1835 ‹loli
298 1784 390 1835 rubent
402 1778 500 1838 ocelli'.
531 1785 633 1836 cosdem
650 1801 743 1836 uersus
760 1789 878 1852 rcepectt
891 1783 1025 1835 Martialis
1036 1783 1060 1844 7,
1070 1783 1134 1846 lla
1148 1780 1241 1832 Amisit
1254 1781 1293 1833 lu·

215 1866 259 1904 sus
281 1851 437 1919 deliciasque
461 1869 534 1918 snas,
559 1853 616 1905 Non
635 1854 725 1921 quales
749 1855 829 1906 teneri
851 1852 963 1920 plorauit
984 1851 1065 1903 amica
1090 1849 1181 1901 Catulli
1199 1848 1292 1900 Lesbia

215 1921 337 1986 nequitiis
354 1921 466 1987 passeris
484 1922 546 1973 orba
564 1923 603 1974 sui
622 1920 667 1986 (cf.
681 1922 793 1988 l,l09‚l
811 1922 862 1974 lssa
882 1923 920 1971 est
939 1934 1043 1986 passere
1061 1918 1167 1984 nequior
1185 1917 1291 1980 Catulli)

215 1993 242 2038 ct
258 1988 298 2053 ll,
314 1987 345 2038 77
361 1988 459 2051 (Cauca
478 1991 581 2052 chorea)
600 1988 628 2039 Si
646 1989 692 2039 tibi
712 1990 771 2041 talis
789 1989 837 2040 erit
855 1987 956 2054 qualem
974 1985 1066 2038 dilecta
1086 1985 1185 2036 Catullo
1198 1984 1292 2036 Lesbia

215 2055 341 2122 plorabat,
359 2055 400 2106 hic
418 2055 532 2107 hahitare
552 2060 645 2120 potest.
675 2055 710 2116 cf.
728 2059 871 2106 Petrai-cae
888 2070 927 2118 ep.
945 2056 1053 2106 ΜΝΞ
1070 2055 1115 2116 (cx
1131 2054 1292 2119 αηηο1556)

210 2141 241 2190 p.
251 2123 314 2174 loo7
326 2122 365 2173 ed.
379 2122 454 2173 basil.
468 2139 493 2172 α.
505 2123 581 2173 llll:
600 2121 667 2187 apud
686 2122 812 2183 Catullum
830 2121 918 2172 Lesbia
938 2119 1081 2171 meretricio
1100 2135 1185 2173 amore
1204 2123 1292 2173 saucia

215 2205 345 2258 passerem
364 2204 438 2241 suurn
456 2189 529 2240 lleuit
547 2189 695 2252 extinctum,
713 2189 747 2239 ita
766 2195 851 2240 tamen
869 2192 898 2238 ut
916 2187 1046 2238 oculorum
1066 2187 1146 2238 aciem
1164 2189 1292 2255 perderet,

216 2272 267 2310 non
285 2263 314 2309 ut
332 2258 441 2308 animam
460 2256 590 2308 exhalaret

301 2325 514 2378 llutersttuum
531 2327 612 2374 unius
628 2339 722 2374 uersus
740 2322 773 2386 V,
794 2322 866 2388 quod
885 2321 963 2373 tilulo
981 2321 1017 2374 De
1041 2320 1164 2387 phaseluo
1190 2322 1294 2386 (fuerat

216 2393 344 2461 phasello)
362 2392 481 2458 expleuit
494 2391 553 2458 6¹)
573 2395 585 2443 1
604 2390 746 2468 ᾖξ’-13111118]
765 2391 774 2440 l
792 2390 876 2440 altera
890 2407 965 2441 cram
983 2390 1048 2442 tati
1066 2389 1182 2441 Hasellus
1200 2390 1231 2455 (P
1251 2395 1293 2444 lit·

216 2466 274 2512 tcru
299 2464 394 2512 omissa
413 2465 439 2510 ct
454 2463 594 2511 miniatori
611 2463 761 2522 reseruata)
782 2459 801 2509 0
823 2457 948 2511 Phaselus
970 2459 1061 2524 uulgo.
1097 2457 1132 2518 cf.
1146 2460 1294 2525 parodc'am

215 2532 288 2580 tator
306 2530 438 2593 cataleptu
458 2527 612 2593 vergiliana
635 2544 684 2594 per
709 2530 793 2578 totum
818 2543 924 2578 comen
947 2527 1153 2594 comparandum
1170 2522 1293 2581 ‘Sabinus

216 2597 269 2661 ille,
288 2613 363 2664 quem
381 2596 483 2662 uidetis,
502 2591 640 2662 hospites’.
662 2625 697 2633 -
719 2595 785 2647 Ante
804 2610 864 2661 ergo
883 2610 985 2648 uersum
1004 2595 1137 2648 collocabo
1154 2596 1293 2649 iambicum

215 2662 350 2718 ‘Phaselus
368 2695 402 2703 -
419 2658 545 2731 hospites'
568 2663 720 2717 Tarentina.
738 2663 827 2715 Maur.
843 2664 911 2716 2276
927 2666 963 2727 (el
983 2667 1090 2730 saeptus
1112 2667 1143 2715 in
1159 2670 1294 2730 coquenti-

217 2736 282 2798 bus).
319 2733 462 2798 exemplum
475 2761 508 2770 -
521 2732 569 2783 erit
586 2727 720 2785 ‘Phaselus
734 2761 766 2768 —
778 2725 904 2798 bospites'
925 2732 994 2784 Mar.
1017 2733 1148 2785 Victoilu.
1165 2749 1191 2796 p.
1203 2734 1253 2786 lat
1264 2733 1293 2786 Il.

215 2817 271 2866 sqq.
284 2801 329 2864 (cf.
336 2817 364 2866 p.
373 2803 415 2863 63,
426 2803 469 2852 28.
481 2803 553 2866 ott
566 2801 623 2863 lot,
633 2804 665 2866 6).
702 2805 730 2853 ut
748 2801 784 2852 ait
801 2800 915 2851 Catullus
928 2799 1044 2864 (Plautus
1056 2801 1141 2865 codd.)
1157 2795 1293 2853 ‘Phaselus

216 2898 251 2907 -
268 2862 394 2935 hospites’
414 2869 496 2920 schot
519 2870 556 2920 ud
572 2870 678 2921 Lucani
693 2870 786 2920 Pluere.
803 2871 827 2930 5,
845 2868 894 2918 alo
907 2884 936 2934 p.
955 2871 1006 2921 589
1019 2869 1090 2920 ch.
1115 2883 1197 2935 neque
1223 2870 1293 2935 quis-

217 2952 294 3003 quam
312 2951 433 3003 umquam
451 2952 554 2989 uersum
571 2952 628 2989 esse
646 2937 774 2990 dubitauit
791 2931 925 2988 ‘Phaselus
936 2966 967 2975 -
978 2931 1103 3004 hospites'
1122 2937 1294 3000 Augustinus

196 3041 197 3044 ,
217 3005 249 3055 dc
261 3021 327 3056 mus.
337 3008 362 3067 l,
372 3007 395 3070 l,
403 3007 428 3056 3.
456 3006 532 3057 etiam
546 3005 622 3058 istum
633 3020 734 3058 uersum
744 3005 833 3057 metire
844 3044 849 3057 .
902 2998 1036 3057 ‘Pliaselus
1046 3035 1078 3043 -
1089 2998 1214 3070 hospites‘
1226 3006 1294 3056 ibid.

216 3075 242 3138 ὅ,
260 3076 284 3138 6,
300 3073 340 3125 ll.
375 3079 401 3124 et
417 3068 551 3125 ‘Phaselus
569 3102 602 3110 —
620 3068 748 3139 hospites’
767 3073 874 3140 primum
897 3073 1038 3124 membrum
1062 3072 1139 3124 habet
1162 3076 1210 3123 cet.
1228 3074 1294 3124 tbtd.

216 3145 242 3206 ὅ,
251 3145 277 3206 8,
286 3142 324 3194 lo.
352 3140 388 3201 cf.
405 3143 475 3193 idem
492 3145 522 3192 iu
533 3143 605 3206 Aug.
617 3141 684 3192 Maii
700 3144 793 3207 script.
802 3145 855 3192 uel.
866 3141 965 3193 collect.
976 3142 1002 3206 5,
1012 3143 1038 3202 5,
1048 3141 1105 3192 luo.
1124 3157 1146 3195 c.
1155 3141 1193 3192 l7.
1203 3142 1243 3193 l8.
1253 3142 1294 3192 la.

216 3210 347 3262 trimetros
364 3210 489 3262 iambicus
506 3209 585 3261 latine
604 3210 717 3261 senarius
736 3208 834 3272 dicitur,
853 3209 925 3261 cuius
938 3209 1082 3275 exemplum
1093 3205 1227 3260 ‘Plraselus
1246 3208 1294 3273 (la-

218 3280 278 3331 talis
297 3279 354 3330 cod.
373 3278 541 3342 coloniensis)
559 3277 608 3329 iste
625 3280 674 3341 (sio
694 3276 853 3328 Ceruorluus
869 3278 951 3343 solus)
969 3294 993 3344 q.
1012 3293 1036 3329 u.
1053 3269 1178 3344 hospites'
1200 3275 1295 3328 Cerceo-

217 3351 330 3413 rtuucp.
340 3345 474 3411 clamori.
504 3346 570 3397 sicut
586 3345 711 3410 phasillus
730 3343 773 3396 ille
786 3359 861 3410 quem
874 3346 946 3397 aiunt
964 3346 1063 3412 (aginat
1075 3345 1158 3409 codd.)
1176 3346 1296 3397 auctores

219 3418 358 3479 (auctorem
373 3415 458 3479 codd.)
475 3428 532 3465 esse
545 3413 648 3465 nauium
662 3413 819 3465 celerrimum
832 3414 985 3479 (Hauptiucz
1004 3414 1157 3480 ciplaetarnm
1171 3412 1215 3462 uel
1227 3413 1295 3465 cela·

219 3489 304 3534 turum
323 3483 416 3546 codd).
452 3496 528 3549 quem
550 3481 640 3534 babuit
658 3482 705 3533 hos
725 3495 752 3532 es
806 3495 890 3532 renus.
924 3481 1029 3533 Iunilius
1053 3481 1116 3533 dicit
1138 3481 1219 3532 schol.
1238 3482 1295 3532 ber·

217 3553 312 3600 nouato
331 3550 368 3600 ad
384 3551 465 3614 Vorg.
482 3565 577 3615 georg.
595 3551 664 3611 428
716 3548 779 3601 .97l
791 3549 891 3613 ragau.
909 3547 914 3615 Ι
937 3550 952 3600 2
970 3548 1048 3601 Aiunt
1068 3550 1097 3602 V
1113 3549 1122 3616 ΙΙ
1135 3547 1295 3601 celerrimum

219 3617 377 3680 (celerinum
398 3616 443 3682 0⁸)
461 3617 488 3669 V
502 3616 512 3684 ΙΙ
528 3621 543 3671 3
561 3617 631 3669 illius
651 3619 681 3671 V
691 3565 797 3687 {tardis
817 3618 846 3670 V
856 3617 900 3683 114
941 3632 985 3684 eqa
1003 3616 1123 3682 esseV)
1141 3617 1295 3685 praeterire

218 3684 285 3736 Luc.
298 3684 409 3736 Mueller
425 3686 435 3753 ))
452 3686 550 3738 sineV
562 3688 573 3753 1)
590 3690 604 3739 5
623 3687 678 3738 sinc
693 3687 722 3739 V
732 3685 741 3754 ΙΙ
759 3688 775 3737 6
792 3685 824 3736 Et
836 3685 860 3736 h’
878 3687 912 3754 (h.
924 3703 944 3738 c.
957 3686 1029 3750 haec,
1047 3683 1083 3747 cf.
1094 3701 1177 3752 supra
1190 3685 1228 3737 od
1237 3686 1261 3749 l,
1270 3687 1295 3748 8)

221 3752 258 3802 0*
275 3756 285 3814 [1
302 3752 418 3816 minacis]
436 3753 504 3805 mina
523 3754 546 3805 ei
564 3754 590 3806 V
605 3757 614 3822 ))
633 3759 646 3806 'l
665 3754 763 3807 insulas
781 3769 812 3806 ue
831 3752 943 3806 cicladas
962 3753 983 3805 G
1000 3753 1083 3806 insula
1101 3753 1239 3820 uegeladas
1259 3753 1295 3804 0*

225 3823 229 3886 Ι
247 3818 425 3872 8Rhorlnmue
437 3821 638 3875 —horridamue
651 3841 674 3873 ω
692 3820 702 3890 ΙΙ
719 3826 825 3883 tractam
840 3823 869 3875 V
879 3823 889 3890 ΙΙ
906 3826 922 3876 9
936 3822 1001 3874 sinici
1015 3822 1051 3873 0*
1068 3824 1078 3888 )
1096 3825 1127 3876 to
1146 3820 1245 3874 Vbustc
1260 3821 1296 3872 0*

225 3887 229 3951 l
246 3888 387 3954 phasellus]
405 3888 414 3938 l
433 3890 518 3941 alteru
537 3906 614 3941 crasa
632 3894 661 3941 tu
680 3890 710 3954 G,
728 3891 849 3957 phaselus
866 3891 950 3956 uulgo
973 3888 984 3957 ΙΙ
1008 3893 1037 3942 11
1057 3890 1122 3942 silua
1146 3893 1224 3956 prius
1245 3905 1295 3952 om,

216 3961 280 4076 post
295 3958 325 4007 in
338 3973 430 4078 Varg'
448 3959 535 4010 addo
552 3956 562 4024 l)
579 3959 685 4010 citeorio
700 3958 721 4010 G
740 3959 841 4011 citeono
856 3958 891 4009 0*
909 3958 919 4024 u
937 3960 968 4010 13
982 3958 1071 4010 citheri
1083 3959 1113 4011 V
1124 3958 1133 4026 ΙΙ
1153 3961 1184 4011 14
1201 3973 1297 4025 cogno·

231 4039 317 4076 issima
