2714 4650
669 298 711 362 ce,
729 297 830 349 ee-er

384 469 415 532 ld
438 469 535 530 iecere
557 476 608 530 aut
629 468 729 529 animo
753 488 815 530 nnn
839 468 909 530 setis
929 467 1061 546 ingenuo

338 555 424 627 Quod
446 554 499 615 tibi
522 573 583 615 non
607 554 762 632 utriusque
784 553 898 634 petenti
921 554 1004 633 copia
1027 561 1116 633 purte
1141 561 1201 617 est:

286 649 316 700 tt
384 639 466 700 Vltro
489 657 545 719 ego
567 639 720 714 deferrem,
744 639 829 718 copia
852 639 936 717 siqua
959 638 1045 700 foret.

215 939 273 1010 68¹³
340 939 413 1009 Non
437 961 559 1024 possum
579 943 715 1017 reticere,
738 940 818 1017 deae,
841 961 900 1021 qua
921 960 967 1002 me
988 941 1082 1003 Allius
1104 942 1136 1004 in
1160 960 1193 1004 rc

351 1067 353 1071 >
383 1027 498 1090 luuerit
520 1035 570 1089 aut
591 1028 711 1107 quantis
732 1027 844 1088 iuuerit
865 1026 985 1088 officiis:

337 1112 400 1174 Nec
422 1114 540 1192 fugiens
561 1112 661 1174 saeclis
684 1111 929 1173 obliuiscentihus
950 1106 1029 1172 actes

384 1197 466 1260 lllius
487 1199 545 1258 hcc
567 1216 655 1259 caece
677 1205 766 1258 nocte
787 1205 869 1277 tegat
889 1196 1033 1259 studium:

288 1291 317 1356 45
338 1280 395 1343 Sed
419 1282 514 1343 dicam
535 1282 633 1355 uobis,
655 1301 711 1343 uos
732 1300 823 1362 porro
846 1281 935 1342 dicite
956 1281 1057 1342 multis
1276 1292 1288 1341 5

384 1365 503 1429 Milibus
526 1377 556 1427 et
577 1367 666 1428 tacite
687 1367 761 1428 hacc
784 1374 864 1428 curta
886 1366 1025 1445 loquatur
1046 1383 1122 1427 anus

382 1534 581 1616 Notescatque
603 1536 696 1615 magis
718 1545 853 1598 mortuus
874 1543 963 1615 atque
984 1534 1086 1614 magis,

337 1619 399 1682 Nec
421 1629 542 1683 tenuem
564 1630 669 1684 texens
691 1621 825 1683 sublimis
847 1639 954 1682 aranea
976 1620 1064 1680 telam
1316 1676 1320 1684 ,

290 1715 320 1766 td
384 1705 418 1768 ln
442 1708 559 1769 deserto
581 1706 637 1768 Alli
660 1705 783 1768 nomine
805 1724 881 1785 opus
902 1705 1001 1766 iaciat..
1261 1712 1287 1764 1⁰

337 1790 411 1852 Nam
433 1792 505 1853 mibi
527 1811 616 1873 quam
639 1792 754 1853 dederit
775 1791 882 1871 duplex
904 1789 1074 1851 Amathusia
1097 1806 1199 1850 curam

385 1876 482 1952 Scitis,
506 1878 588 1938 etin
611 1895 671 1955 quc
693 1895 742 1937 me
764 1875 911 1936 corruerit
932 1893 1051 1954 genere,

339 1960 411 2022 Cum
434 1971 551 2025 tantum
572 1963 706 2023 arderem
730 1968 874 2040 quantum
895 1960 1035 2021 trinacria
1057 1977 1150 2039 rupes

384 2045 575 2127 Lympheque
598 2047 628 2108 in
652 2046 761 2107 oetaeis
782 2044 868 2106 malie
890 2044 1105 2124 Thermopylis,

288 2139 318 2189 tt
339 2129 449 2191 Maesta
471 2149 569 2209 neque
591 2131 708 2192 assiduo
730 2130 883 2196 tabescere
905 2130 1014 2191 lumina
1036 2129 1108 2190 fletu
1262 2135 1288 2188 tt

388 2213 545 2276 Cessarent
566 2215 702 2293 tristique
724 2214 820 2276 imbre
843 2214 961 2276 madere
982 2232 1086 2294 genae,

341 2298 443 2370 Qualis
461 2300 495 2362 in
518 2299 590 2360 aerii
610 2300 770 2380 perlucens
792 2300 905 2362 uertice
927 2299 1037 2361 montis

212 2416 416 2425 *—

299 2484 332 2535 38
349 2483 453 2550 ingenio
472 2484 501 2537 V
513 2486 524 2552 l
539 2484 613 2550 petiti
633 2502 656 2535 ω
678 2484 687 2553 ll
708 2488 782 2551 parte
799 2487 912 2551 scripsi.-
928 2488 1003 2551 posta
1022 2483 1047 2535 V
1062 2484 1167 2550 praesto
1185 2481 1286 2533 From-

213 2550 415 2671 p'icpreiruesmpcbrptu
433 2552 591 2604 llibbeclriur
615 2559 733 2620 prompta
752 2552 933 2604 Baebremiue
955 2551 1021 2603 lacte
1041 2569 1064 2602 ω
1085 2548 1096 2617 ΙΙ
1118 2547 1248 2601 differrem
1268 2549 1287 2598 0

297 2687 349 2741 68¹>
367 2688 547 2740 interstitium
556 2688 661 2738 nullum
673 2686 708 2739 V:
720 2701 743 2737 ο.
756 2688 803 2738 68⁰
815 2684 893 2738 ercet
906 2688 1014 2753 primus
1029 2687 1171 2751 separauit
1181 2683 1287 2735 liumlcr

213 2753 272 2819 141
291 2769 368 2821 quam
385 2756 471 2809 lallius
489 2757 518 2809 V
531 2771 594 2807 corr
612 2755 734 2819 Scaliger
755 2769 805 2821 qua
828 2754 874 2805 uel
896 2769 972 2822 quem
990 2751 1100 2805 ltlenlius
1118 2770 1142 2804 m
1164 2751 1176 2817 Ι
1195 2759 1233 2805 ire
1252 2751 1286 2802 d:

216 2823 254 2872 ire
273 2821 310 2870 0*
402 2825 502 2876 lnuenit
522 2824 558 2874 0*
575 2823 584 2889 ΙΙ
603 2828 656 2887 aut]
674 2839 711 2874 uu
729 2826 774 2874 et?
790 2822 799 2888 ΙΙ
816 2822 911 2874 uinerit
929 2822 966 2873 0*
984 2822 1083 2874 auxerit
1101 2820 1230 2888 Vcenerll
1254 2820 1285 2871 43

214 2888 253 2941 Ne
271 2905 294 2938 ω
311 2822 574 3024 (iipssffaebreneius)
591 2889 709 2952 fortasse
724 2895 797 2941 recte
813 2888 824 2956 l
840 2889 907 2941 sedis
920 2890 945 2942 V
962 2889 1043 2953 [sedis
1060 2895 1086 2938 et
1105 2891 1136 2939 in
1152 2903 1243 2953 marg.
1260 2889 1285 2939 ai

104 2972 106 2976 ’
214 2956 306 3008 saeclis
322 2957 346 3007 t
399 2962 431 3010 45
449 2965 525 3025 porto
544 2959 580 3009 0*
597 2961 606 3020 ΙΙ
628 2961 662 3011 46
680 2958 794 3010 ltlillibus
813 2958 835 3008 G
859 2955 870 3023 tl
895 2961 963 3009 certa
984 2957 1005 3009 G
1023 2956 1089 3009 c⁵etn
1109 2955 1146 3007 0*
1164 2960 1245 3020 [certe
1263 2959 1287 3006 et

213 3027 244 3075 in
261 3038 346 3089 marg.
365 3024 390 3076 nl
408 3027 493 3078 curtlia
512 3025 534 3076 t
553 3029 622 3077 certa
641 3026 722 3079 Laur.
735 3027 780 3089 53,
793 3026 826 3077 u
840 3027 927 3080 Vattc.
939 3026 1014 3088 teto]
1032 3025 1042 3094 fl
1059 3028 1091 3077 47
1109 3026 1286 3076 interstitium

213 3093 295 3143 unius
311 3107 405 3144 uersus
420 3097 451 3144 in
465 3093 494 3158 G,
513 3096 591 3144 cuius
605 3110 657 3160 pr,
674 3099 706 3144 ut
723 3096 841 3158 uidetur,
858 3110 894 3145 m.
905 3097 935 3144 in
948 3109 1034 3159 marg.
1047 3094 1194 3159 adscripsit
1210 3091 1286 3145 defit.

213 3162 388 3212 interstitium
416 3162 521 3212 nullum
550 3164 579 3211 in
611 3162 639 3214 0.
669 3164 853 3228 [interstitium
881 3166 911 3212 tn
940 3161 1063 3213 BCHLA
1090 3160 1178 3213 Vatie.
1208 3161 1287 3213 tcto:

215 3228 337 3281 Omnibus
355 3235 381 3281 et
398 3229 434 3294 (in
446 3231 480 3294 Ρ)
498 3229 582 3280 triuiis
593 3229 715 3296 nulgetur
726 3229 811 3281 fabula
825 3231 920 3296 passim
933 3229 1008 3281 ADP
1016 3229 1086 3281 Brit.
1099 3228 1180 3279 trees
1192 3228 1286 3278 Dreed.

214 3298 284 3349 llice.
302 3300 364 3350 606:
390 3301 420 3349 in
445 3313 533 3363 marg.
550 3299 574 3348 P
597 3298 733 3364 adrcrtpta
759 3302 824 3348 sunt
845 3298 942 3350 Seneca
967 3297 1113 3364 suppleuit,
1140 3297 1234 3347 eadem
1258 3299 1287 3346 in

213 3368 336 3418 Ambroe.
354 3368 381 3417 H
393 3370 433 3420 tc.
468 3365 592 3418 Omnibus
610 3366 688 3433 inque
706 3365 772 3416 locis
790 3366 933 3419 celebretur
950 3366 1018 3417 lama
1036 3364 1130 3430 sepulti
1149 3369 1287 3415 corrector

213 3437 239 3486 D
251 3436 334 3486 Paris.
345 3437 418 3488 7990.
429 3436 509 3488 8232.
519 3435 598 3497 825⁶]
610 3433 619 3501 ll
631 3436 664 3486 48
678 3433 721 3484 del
739 3434 860 3485 Handiue
871 3435 880 3503 11
890 3434 1080 3501 Notescnmque
1101 3432 1139 3484 G*
1156 3432 1165 3499 ΙΙ
1179 3437 1245 3499 poet
1255 3434 1287 3484 49

213 3506 244 3551 in
266 3503 295 3555 V
303 3507 425 3570 scriptur
445 3508 484 3554 eet
504 3519 597 3554 uernis
622 3501 762 3554 iocundum
781 3506 895 3554 cometes
911 3501 1002 3554 floride
1020 3510 1049 3553 ut
1061 3501 1086 3565 (d
1099 3500 1128 3561 0)
1141 3504 1239 3566 ageret.
1252 3498 1287 3561 cf.

213 3571 253 3631 68,
273 3569 305 3620 46
329 3571 339 3638 ΙΙ
365 3576 397 3625 50
415 3572 459 3624 alli
480 3571 517 3620 0*
534 3576 560 3622 et
578 3572 701 3636 Scaliger
718 3588 732 3620 e
749 3572 916 3621 coniectura:
935 3571 967 3621 alt
988 3571 1009 3622 G
1030 3569 1089 3621 Auli
1106 3569 1288 3634 Westptattm

213 3635 363 3720 Desertolin
382 3639 460 3719 llpnli
479 3658 502 3691 ω
519 3640 529 3708 ΙΙ
547 3642 577 3693 51
598 3639 655 3692 Non
669 3638 706 3720 Gf
723 3638 734 3705 l
750 3641 783 3691 52
801 3638 827 3690 in
840 3654 881 3690 me
894 3655 945 3707 quo
958 3639 1124 3717 Domingim
1140 3636 1149 3702 ΙΙ
1167 3636 1292 3770 Ἣ

214 3713 816 3840 tttttt·,ttt‘ttttttttttt‘t
826 3705 1288 3838 ttlttdttlfttltttttm

214 3839 267 3890 BA
285 3840 366 3891 cethis
384 3842 411 3893 ll
425 3842 506 3896 Laur.
524 3845 570 3909 ee,
586 3844 620 3895 42
639 3845 722 3896 otlreis
741 3843 865 3895 CVatic.
884 3841 984 3910 4630111
1006 3842 1101 3893 manlia
1119 3841 1144 3892 V
1160 3840 1170 3909 ΙΙ
1194 3847 1288 3894 termo·

213 3906 274 3974 pilis
293 3907 329 3956 0*
347 3911 505 3976 termophilis
525 3912 547 3962 G
567 3910 577 3979 ll
603 3915 635 3963 55
652 3911 755 3962 numula
771 3911 793 3961 G
810 3910 913 3962 numule
934 3910 971 3961 0*
988 3910 1084 3977 pupula
1096 3909 1212 3961 Ellisius
1227 3907 1238 3977 ΙΙ
1257 3912 1288 3962 56

214 3975 319 4026 Cessare
336 3991 369 4027 ne
387 3978 505 4046 tristique
523 3979 552 4031 V
575 3978 692 4030 cessaret
710 3997 733 4029 ω
759 3993 844 4045 neque
861 3979 927 4030 tristi
944 3979 1074 4030 Muretus.
1097 3978 1290 4029 Froelrliclrieu

212 4047 430 4110 interpunctione
445 4051 549 4096 mutata
566 4062 613 4098 uu.
630 4045 730 4097 57-62
748 4062 808 4097 cum
824 4063 851 4098 u.
868 4049 904 4099 65
913 4063 969 4112 sqq.
988 4049 1133 4099 coniunmit
