2738 4672
513 284 536 345 7,
556 285 605 336 1-
624 285 647 347 8,
667 286 697 336 15

70 446 91 513 'l
199 447 324 595 Quaeris
347 462 418 530 quot
439 453 510 513 mihi
532 452 709 516 basiationes
747 460 750 466 '

223 555 287 611 uae,
310 536 424 611 Lesbia,
446 538 506 599 sint
527 538 597 599 satis
618 557 775 619 superque.

198 621 293 692 Quam
315 639 441 700 magnus
464 641 606 684 numerus
627 623 751 704 lib'yssae
773 627 900 688 harenae

198 705 417 786 Lasarpicilerls
439 708 514 768 iacet
536 707 666 787 Cyrenis,

162 800 177 849 5
201 790 336 852 Oraclum
359 792 438 854 louis
460 792 537 853 inter
560 794 688 855 aestuosi

198 875 236 936 Et
257 877 333 937 Batti
355 877 465 938 ueteris
486 895 602 938 sacrum
625 879 803 957 sepulcrum,

197 961 254 1022 dut
276 979 364 1040 quam
386 963 482 1023 sidera
503 962 602 1039 multa,
626 981 693 1024 cum
714 973 792 1026 tacet
814 985 883 1040 nox,

197 1045 335 1108 Furtiuos
357 1047 510 1108 hominum
533 1047 635 1110 uident
656 1067 779 1124 amores,

197 1131 268 1192 Tam
290 1140 319 1192 te
340 1131 422 1194 basio
443 1133 534 1193 multa
556 1132 668 1194 basiare

148 1223 175 1274 10
198 1216 312 1278 Vesano
334 1217 403 1279 satis
426 1228 456 1278 et
477 1235 567 1298 super
590 1217 702 1280 Catullo
725 1228 777 1294 est,

197 1300 277 1372 Quae
300 1321 355 1363 nec
377 1321 588 1382 pernumerare
611 1303 720 1365 curiosi

197 1386 313 1448 Possint
335 1406 391 1448 nec
413 1387 487 1448 mala
508 1388 652 1450 fascinare
674 1389 784 1470 lingua.

197 1619 288 1686 Miser
311 1623 431 1698 Catulle,
455 1624 571 1686 desinas
592 1625 719 1705 ineptire

196 1708 233 1769 Et
254 1709 334 1786 quod
356 1709 439 1770 uides
461 1710 572 1789 perisse
595 1710 743 1787 perditum
765 1709 863 1770 ducas.

195 1792 316 1854 Fulsere
338 1792 487 1871 quondam
510 1792 626 1853 candidi
648 1793 701 1853 tihi
723 1794 808 1868 soles,
892 1865 893 1868 Ἴ

196 1876 269 1937 Cum
291 1875 458 1938 uentitabas
481 1896 539 1956 quo
562 1877 658 1957 puella
681 1877 807 1939 ducebat

160 1971 174 2020 5
195 1963 297 2022 Amata
319 1960 407 2022 nobis
429 1971 573 2041 quantum
595 1961 740 2023 amabitur
762 1962 851 2024 nulla.

196 2045 239 2106 lbi
262 2046 310 2107 illa
333 2047 506 2108 multatum
531 2047 630 2108 iocosa
652 2048 771 2116 fiebant,

196 2131 278 2202 Quae
301 2139 333 2192 tu
355 2132 476 2193 uolebas
498 2151 553 2193 nec
575 2131 671 2211 puella
694 2133 823 2194 nolebat.

194 2215 316 2278 Fulsere
338 2235 409 2278 uere
431 2217 546 2278 candidi
569 2216 622 2278 tibi
645 2217 730 2279 soles.

194 2301 280 2362 Nunc
303 2301 359 2363 iam
381 2302 430 2363 illa
452 2321 513 2364 non
535 2302 614 2363 uult:
637 2311 669 2362 tu
693 2320 820 2381 quoque,
843 2301 998 2383 impotens,
1021 2302 1090 2376 uolt,

145 2394 173 2445 10
194 2386 254 2447 Nec
277 2405 352 2465 quae
374 2387 448 2467 lugit
469 2397 591 2461 sectare,
614 2405 670 2448 nec
692 2388 780 2448 miser
801 2387 880 2462 uiue,

196 2470 253 2531 Sed
276 2472 422 2534 obstinata
444 2480 544 2533 mente
566 2472 675 2551 perier,
698 2472 820 2533 obdura.

195 2555 273 2630 Vale,
296 2557 401 2636 puella.
445 2557 502 2618 iam
525 2557 653 2618 Catullus
677 2556 811 2629 obdurat,

193 2640 253 2702 Nec
275 2648 304 2702 te
326 2641 458 2720 requiret
479 2660 535 2703 nec
556 2641 673 2721 rogabit
694 2641 833 2701 inuitam:

193 2727 230 2786 dt
251 2734 284 2787 tu
306 2726 428 2800 dolebis,
451 2745 518 2788 cum
540 2724 691 2806 rogaberis
714 2724 802 2806 offilo.

145 2818 173 2869 15
196 2810 333 2886 Scelesta,
356 2829 410 2873 uae
433 2811 476 2872 tel
500 2829 575 2891 quae
599 2810 650 2871 tibi
672 2818 773 2870 manet
796 2808 869 2870 uital

151 3011 166 3064 1
184 3013 360 3064 lotor-stitione
373 3011 406 3076 V,
423 3013 538 3063 insonuit
554 3012 663 3062 titulum
674 3009 713 3063 ad
725 3010 863 3076 lesbiamg
879 3012 889 3079 l
908 3013 921 3065 l
940 3011 1009 3079 qnod
1023 3010 1100 3064 miclri
1113 3009 1142 3063 V

62 3078 107 3146 ll3
126 3078 175 3156 lily
194 3079 293 3144 Glbisse
313 3080 342 3132 V
352 3079 362 3149 l
380 3095 454 3132 arene
475 3078 496 3131 G
512 3076 522 3146 l
545 3077 654 3131 4Lasar
672 3078 706 3130 ici
724 3078 784 3131 lenis
802 3083 867 3144 (secr
884 3079 915 3130 al'
935 3080 1007 3132 lretis
1022 3082 1052 3145 g)
1070 3080 1136 3132 iacet

62 3150 181 3214 tyerenrs
197 3146 260 3210 (add
269 3151 300 3199 in
310 3163 397 3214 marg.
410 3147 442 3199 al’
455 3147 555 3215 cyrenis
561 3148 592 3212 g)
604 3146 626 3198 G
644 3094 746 3208 (liuore
760 3149 789 3199 in
802 3147 916 3215 tyneus
925 3163 1002 3199 orosa
1017 3163 1071 3199 non
1082 3146 1138 3209 suit

62 3215 243 3334 11111111
261 3215 405 3334 Vlllli
422 3213 1137 3348 11111111111111111[111111

63 3349 176 3418 tyrrenis
194 3354 234 3416 (ire
253 3320 340 3417 marg..
358 3299 440 3402 fz’au'l
461 3351 561 3419 cyrenis
580 3351 601 3403 G
620 3367 655 3404 m.
676 3352 728 3417 pr.)
745 3350 822 3414 Act]
844 3349 853 3416 ΙΙ
876 3298 1025 3402 seulfum
1044 3349 1064 3400 0
1088 3347 1138 3401 Ora

62 3417 127 3469 dum
146 3416 187 3486 01
211 3420 226 3470 6
244 3417 276 3470 Et
294 3418 363 3470 beati
375 3419 401 3471 V
415 3434 471 3470 secr
487 3419 518 3471 al’
536 3420 607 3472 beari
621 3419 655 3471 G¹
673 3419 713 3483 [llt
731 3419 800 3471 beari
818 3418 900 3470 Laur.
913 3419 958 3482 35,
971 3417 1015 3480 421
1031 3415 1041 3482 ΙΙ
1059 3420 1073 3468 'l
1093 3431 1136 3486 sy·

63 3485 125 3538 dera
144 3485 188 3549 Vl
211 3489 227 3540 9
245 3486 325 3539 basiei
343 3487 368 3539 V
385 3486 424 3551 [d]
443 3503 499 3539 secr
515 3487 546 3539 al’
565 3487 636 3540 basia
655 3487 690 3539 ⁶¹
712 3487 791 3550 [idm
812 3489 841 3537 tn
864 3500 943 3550 marg
961 3484 991 3548 C]
1012 3486 1022 3554 ll
1047 3487 1078 3539 10
1096 3500 1138 3537 oa·

62 3554 161 3608 tuloO
177 3551 187 3621 Ι
206 3557 237 3609 11
256 3555 351 3608 curiosi
369 3554 412 3607 V*
443 3588 444 3591 =

151 3623 361 3678 Slntoretitt'um
380 3623 411 3676 V.
445 3622 484 3676 nd
508 3638 536 3676 se
558 3623 642 3690 ipsum
664 3624 814 3686 imeruitg
836 3620 845 3690 ll
870 3619 953 3672 llser
972 3621 1073 3686 (littero
1095 3623 1137 3673 itt·

63 3691 137 3742 ttiatt
154 3694 295 3743 miniatori
306 3694 456 3756 reseruata)
473 3691 557 3744 catule
571 3691 592 3742 0
607 3688 617 3756 l
635 3693 652 3742 4
670 3689 772 3753 Guro1G
790 3693 820 3740 lo
832 3704 929 3740 rasura
943 3688 972 3754 0,
987 3689 1035 3741 cad
1048 3705 1083 3744 m.
1093 3704 1136 3755 pr.

63 3757 142 3826 llquo
157 3774 190 3824 g:
208 3759 277 3826 quod
297 3761 326 3812 V
345 3759 355 3827 ll
380 3759 481 3811 dicebat
498 3759 590 3810 Domo
610 3757 684 3821 filius
708 3755 717 3823 ll
743 3759 757 3808 5
776 3755 868 3809 Amata
891 3760 989 3810 tantum
1013 3762 1137 3826 quantum

64 3826 213 3879 dodoaldus
229 3827 239 3895 ΙΙ
256 3829 272 3879 6
290 3831 343 3879 tum
358 3843 391 3892 g:
409 3842 467 3880 cum
479 3826 508 3877 V
521 3841 579 3878 cnm
596 3854 630 3864 -
647 3824 760 3890 nolebat,
777 3824 880 3878 Fulsere
897 3826 1032 3878 Aornum
1048 3829 1101 3878 tam
1112 3842 1137 3876 ω

62 3892 73 3962 l
92 3896 107 3947 8
126 3895 243 3948 candidu
261 3896 353 3960 (longa
370 3900 397 3945 ot
407 3900 523 3960 angusto
541 3894 632 3944 littera
647 3897 734 3954 erasa)
748 3892 770 3944 G
813 3896 828 3946 9
847 3893 909 3957 imtn
924 3894 1015 3960 0)pote
1028 3892 1057 3946 V
1062 3893 1071 3962 ll
1083 3892 1137 3946 noli

63 3962 120 4013 odd
135 3963 286 4014 Acontius:
304 3979 346 4015 om
365 3962 397 4014 V.
425 3963 554 4028 impotens
572 3976 604 4012 ne
622 3961 658 4013 sis
672 3960 763 4027 Soatr’g
810 3966 905 4028 impete
923 3962 1013 4014 insano
1026 3963 1137 4029 Heyetuo

59 4032 73 4096 Ι
93 4031 124 4081 10
137 4029 219 4097 Necqa
229 4031 295 4098 fugit
306 4030 347 4100 01]
365 4033 397 4083 11
409 4029 488 4082 nullei
500 4029 673 4094 Boeotorgius
686 4028 695 4098 ll
715 4034 745 4083 15
758 4044 806 4082 uae
816 4036 849 4083 te.
876 4045 942 4099 quae
950 4031 1039 4082 Battle
1051 4031 1139 4083 Veno-
