2738 4672
579 261 580 265 ’
687 291 708 352 t,
727 289 802 353 a-2‚
823 292 852 342 11

360 457 488 533 Corneli,
511 457 580 519 tibi:
604 477 730 539 namque
753 467 784 520 tu
806 460 920 522 solebas

359 542 439 604 Meas
461 562 524 605 esse
547 543 655 622 aliquid
678 552 783 624 putare
805 563 898 625 nugas

324 637 339 687 a
361 628 422 689 lam
444 636 505 690 tum
528 646 596 690 cum
617 646 706 691 ausus
728 648 759 690 es
780 649 859 692 unus
880 630 1020 693 italorum

273 711 280 717 ⁴*
360 712 456 774 Omne
479 731 584 774 aenum
607 714 701 776 tribus
723 715 869 794 explicare
891 715 979 778 cartis

361 799 470 873 bootis,
493 798 613 878 Iupiter,
637 807 665 861 et
687 799 842 861 laboriosis

361 883 458 954 Quare
481 883 553 944 babe
576 883 628 944 tibi
652 884 792 963 quicquid
815 883 872 945 boc
894 884 994 959 libelli,

361 968 596 1047 Qualecumque:
620 969 707 1047 quod,
731 988 746 1031 o
769 977 893 1049 patrona
916 971 1011 1046 uirgo,

227 1084 229 1089 v
312 1061 339 1114 to
362 1053 431 1116 Plus
454 1072 514 1115 uno
537 1063 664 1115 maneat
676 1072 809 1133 perenne
832 1054 937 1117 saeclo.

233 1358 255 1428 2
362 1355 484 1433 Passer,
507 1359 627 1420 deliciae
649 1377 731 1421 meae
753 1361 877 1440 puellae,
951 1435 955 1443 Α

362 1443 487 1515 Quicum
512 1443 622 1519 ludere,
646 1463 734 1523 quem
757 1446 787 1506 in
811 1446 878 1507 sinu
901 1453 1012 1522 tenere,

362 1528 436 1599 Quoi
459 1529 588 1608 primum
611 1530 732 1608 digitum
755 1531 823 1591 dare
845 1522 987 1610 alpetenti
1038 1494 1057 1583 d

362 1613 400 1675 Et
422 1614 498 1676 acris
520 1615 594 1677 solet
616 1615 739 1676 incitare
761 1633 887 1690 morsus,

327 1708 341 1759 i
363 1699 436 1760 Cum
459 1700 603 1762 desiderio
626 1719 691 1762 meo
716 1701 821 1762 nitenti

362 1783 472 1846 Karum
495 1786 596 1848 nescio
619 1786 689 1865 quid
711 1786 783 1848 libet
804 1787 894 1848 iocari

362 1869 399 1931 Et
421 1870 589 1933 solaciolum
614 1873 659 1934 sui
681 1871 791 1934 doloris
894 1938 902 1948 ,Ἴ

362 1955 468 2029 (Credo
491 1965 606 2023 nictum
630 1957 727 2035 grauis
750 1948 919 2035 acquiescit
940 1958 1052 2033 ardor):

362 2038 473 2100 Tecum
496 2040 597 2101 ludere
619 2041 695 2100 sicut
716 2041 778 2118 ipsa
800 2059 918 2118 possem

312 2132 341 2184 10
361 2122 399 2183 Et
420 2123 512 2184 tristis
534 2123 624 2184 animi
646 2123 744 2185 leuare
767 2124 866 2184 curas!

363 2291 434 2352 'lam
457 2300 574 2370 gratum
596 2299 640 2353 est
662 2291 732 2351 mihi
756 2309 843 2369 qnam
867 2293 968 2351 lerunt
989 2291 1103 2369 puellae

235 2481 323 2529 citant
340 2474 439 2543 [Anido
459 2475 526 2539 01³1:
548 2474 625 2526 Arida
643 2493 666 2526 ω
688 2476 885 2540 Postreugicue.
908 2474 942 2536 ef.
961 2476 1073 2527 Seruius
1090 2475 1127 2526 ad
1143 2475 1223 2540 Verg.
1242 2479 1314 2532 Aen,

235 2544 337 2612 raim
354 2539 388 2595 ‘in
406 2539 518 2611 pumice'
538 2545 622 2595 autem
640 2544 689 2595 iste
706 2543 848 2596 masculino
866 2559 958 2610 genere
975 2544 1071 2611 posuit,
1092 2547 1118 2596 et
1136 2543 1204 2595 bunc
1221 2547 1311 2612 sequi-

236 2628 300 2669 mur.
335 2628 393 2666 uam
412 2616 438 2665 et
449 2611 556 2664 Plautus
573 2611 609 2663 ita
627 2610 703 2664 dixit:
721 2612 783 2664 licet
800 2612 913 2664 Catullus
931 2611 1022 2664 dixerit
1039 2611 1160 2664 feminino
1178 2612 1188 2683 l
1205 2614 1312 2677 [punice

233 2682 341 2736 ABDA
358 2681 468 2734 Punicae
486 2681 674 2745 Paetrangicur
691 2683 721 2730 iu
738 2681 778 2732 ed.
793 2696 862 2746 uem,
879 2680 926 2730 aod
936 2678 970 2741 0ss
982 2684 1075 2746 supra]
1092 2681 1102 2751 Ι
1120 2684 1134 2733 5
1152 2680 1204 2732 lam
1221 2683 1308 2733 tamen

236 2752 271 2817 (ti
288 2749 308 2800 0
325 2751 376 2801 tam
397 2747 427 2811 Gt
442 2749 470 2800 V
476 2746 493 2866 Ε
508 2751 545 2810 es]
564 2752 604 2800 est
621 2750 645 2812 (e
665 2747 718 2814 GO)
732 2749 762 2801 V
772 2748 782 2816 ΙΙ
799 2751 815 2801 6
833 2752 933 2812 aeuum]
951 2763 1009 2800 eum
1029 2748 1075 2813 G*,
1092 2750 1132 2800 bie
1149 2765 1211 2800 coar
1230 2753 1255 2798 et
1275 2749 1311 2801 θ’

236 2823 262 2870 et
276 2815 324 2886 gl
345 2818 359 2868 8
379 2815 425 2867 tibi
443 2814 474 2867 ba
494 2830 508 2866 e
527 2815 552 2866 V
568 2813 793 2881 tuttelstet,
813 2817 861 2867 ead
875 2819 980 2882 saepiae
996 2820 1026 2868 ia
1044 2817 1064 2868 0
1082 2817 1151 2868 h’=
1166 2816 1230 2868 baec
1247 2821 1274 2866 at
1291 2817 1306 2868 l‘

236 2909 269 2929 =
279 2881 550 2947 boecousundnniur)
560 2883 596 2934 0*
613 2887 622 2951 Η
640 2884 730 2948 libelli]
741 2884 898 2937 eaeral’mei
908 2884 942 2936 G¹
952 2887 993 2950 [A,
1008 2886 1057 2938 mei
1068 2901 1118 2951 pro
1134 2884 1214 2937 libelli
1224 2883 1311 2938 haur.

235 2954 281 3019 55,
291 2953 324 3005 42
336 2953 421 3005 Vatie.
430 2951 504 3014 4650]
514 2950 594 3003 libelli
607 2955 647 3003 est
659 2969 682 3003 aa
692 2951 702 3021 ll
714 2955 755 3005 90
770 2954 825 3005 add
833 2972 868 3005 oa:
882 2968 924 3003 om
934 2954 965 3006 V.
993 2953 1021 3014 Q.
1034 2953 1136 3020 quidem
1148 2955 1196 3017 (eie
1205 2953 1247 3016 aa),
1264 2970 1309 3020 pa-

238 3026 319 3086 trone,
332 3035 379 3087 per
388 3023 414 3072 te
423 3019 545 3070 Handiue
554 3018 583 3080 Q.
594 3019 696 3086 quidem
706 3025 753 3084 est,
781 3021 862 3073 atroni
877 3024 906 3072 ut
914 3035 974 3088 ergo
983 3021 1117 3087 Ber-gline
1127 3020 1136 3087 ΙΙ
1150 3023 1181 3073 10
1190 3019 1261 3087 petie
1273 3023 1311 3073 O·-⁵

287 3124 289 3130 ›
321 3087 535 3143 Naucratiticum
552 3091 633 3138 unius
650 3104 744 3139 nareae
782 3090 880 3155 ,quod
896 3090 975 3141 titulo
993 3087 1080 3142 Fletus
1098 3089 1208 3156 passeris
1225 3088 1308 3142 lesbie

237 3155 391 3222 expleuitg
408 3155 458 3207 liti.
476 3157 559 3221 rubr,
579 3160 612 3207 ut
631 3172 733 3222 semper
754 3159 784 3207 iu
809 3159 901 3210 titulis
937 3159 987 3209 boc
1010 3159 1045 3223 (et
1061 3159 1182 3223 aequem)
1200 3172 1320 3221 carmen,

236 3226 357 3291 respexit
371 3223 507 3277 Martialis
523 3226 547 3286 4,
559 3223 597 3286 ld,
610 3224 643 3276 ti
661 3222 704 3276 Sic
721 3224 807 3276 forsan
829 3229 901 3277 tener
921 3239 999 3278 ausus
1024 3228 1063 3277 est
1081 3225 1195 3277 Catullus
1212 3224 1308 3291 Magno

236 3294 338 3346 mittere
373 3305 483 3344 asserem
500 3290 607 3356 Maroni,
624 3292 663 3357 ll,
680 3295 703 3357 6,
721 3292 751 3344 ii
768 3291 874 3345 Donabo
892 3293 939 3345 tibi
957 3307 1085 3361 passerem
1104 3292 1203 3356 Catulli,
1220 3293 1243 3358 l,
1255 3294 1311 3358 7‚3

239 3360 335 3414 Stellae
346 3308 465 3414 delicium
477 3359 528 3412 mei
541 3360 667 3422 columba,
686 3359 784 3412 Verona
796 3360 857 3413 licet
869 3360 987 3414 audiente
1000 3361 1090 3426 dicam,
1102 3360 1178 3426 Vicit,
1189 3358 1313 3427 Maxime,

238 3443 366 3496 passerem
385 3427 477 3481 Catulli
494 3428 504 3496 ΙΙ
522 3431 533 3480 1
555 3427 621 3495 apud
640 3427 820 3481 Catullum...
836 3423 1099 3495 ‘Passer—puellae'
1122 3428 1226 3480 Caeciae
1243 3428 1309 3480 Bae-

239 3512 284 3548 eoe
298 3512 327 3562 p.
344 3498 394 3550 260
405 3496 441 3559 K„
460 3511 519 3548 eece
537 3499 563 3548 et
581 3495 740 3561 pbalaecinrn
754 3501 852 3549 ....nt
869 3489 970 3548 ‘Passer
982 3525 1015 3535 —
1027 3492 1141 3564 puellae'
1160 3496 1226 3549 Atii.
1238 3497 1310 3548 For-

240 3568 326 3616 tanat.
336 3563 504 3631 pastali,
521 3564 668 3631 phalaeeius
684 3557 828 3616 ‘Passer—
838 3558 949 3631 puellae’
970 3565 1165 3631 Comariamp.
1177 3564 1310 3630 titud.

239 3632 249 3700 l
265 3636 281 3685 2
299 3631 455 3715 Qniean
470 3632 479 3700 ΙΙ
497 3635 511 3685 3
526 3631 574 3693 uui
589 3633 618 3685 V
628 3631 639 3701 l
655 3636 681 3685 at
693 3632 790 3698 petenti
804 3632 833 3684 V
837 3648 901 3732 ¹aser
916 3632 946 3685 al'
958 3634 1057 3701 parenti
1075 3632 1243 3699 (quodpra'ue
1254 3631 1313 3692 soit

238 3701 557 3838 ililbin‘l‘t'liii
574 3699 885 3834 irascat-‘tiit
899 3703 919 3837 l
933 3699 1013 3839 ia·
1026 3701 1071 3821 b
1086 3697 1158 3822 it
1173 3699 1311 3821 ulau

239 3837 300 3889 diue
317 3836 351 3890 Es
372 3838 507 3888 lacubaiue
531 3834 541 3904 ΙΙ
568 3838 583 3889 8
602 3852 658 3889 enm
678 3837 708 3889 V
725 3836 735 3904 ll
760 3837 907 3904 acquiescet
924 3837 952 3889 V
971 3836 1155 3904 adpuiescetg
1177 3836 1223 3888 llst
1243 3836 1312 3890 sola·

240 3905 334 3958 ciclum
351 3934 385 3943 -—
404 3903 484 3956 Credo
502 3907 599 3956 eitum
617 3919 654 3971 gr.
673 3904 819 3971 acquiescet
836 3904 984 3957 Soboelliue
1002 3905 1081 3958 Credo
1100 3906 1137 3958 nti
1155 3919 1192 3972 gr.
1211 3905 1313 3957 Salara-

239 3973 288 4025 der
304 3975 313 4041 ll
330 3976 346 4028 9
363 3971 469 4036 Tecum]
488 3971 519 4023 al’
537 3987 623 4025 secum
644 3972 664 4023 0
681 3975 711 4022 ia
727 3987 813 4037 marg.
831 3972 840 4042 ll
857 3972 944 4025 ludere
961 3975 1019 4039 (aed
1034 3977 1064 4024 in
1084 3973 1105 4024 0
1125 3973 1223 4025 lineola
1241 3987 1313 4037 quae

238 4057 320 4109 super
337 4056 351 4094 e
368 4040 447 4105 finali
463 4037 556 4102 suerat
573 4046 611 4093 eet
628 4042 714 4108 masa)
726 4041 756 4093 V
767 4056 824 4092 eser
841 4040 873 4092 al'
890 4039 1004 4094 luderem
1025 4041 1058 4093 G¹
1075 4039 1085 4109 ll
1104 4042 1203 4095 11-13
1216 4042 1314 4092 colae·
