<?xml version="1.0" encoding="UTF-8"?>
<!DOCTYPE html PUBLIC "-//W3C//DTD XHTML 1.0 Transitional//EN"
    "http://www.w3.org/TR/xhtml1/DTD/xhtml1-transitional.dtd">
<html xmlns="http://www.w3.org/1999/xhtml" xml:lang="en" lang="en">
 <head>
  <title>
</title>
<meta http-equiv="Content-Type" content="text/html;charset=utf-8" />
  <meta name='ocr-system' content='tesseract 3.04.00' />
  <meta name='ocr-capabilities' content='ocr_page ocr_carea ocr_par ocr_line ocrx_word'/>
</head>
<body>
  <div class='ocr_page' id='page_1' title='image "./catvlliveronens00schwgoog_0054.png"; bbox 0 0 2738 4672; ppageno 0'>
   <div class='ocr_carea' id='block_1_1' title="bbox 502 282 722 349">
    <p class='ocr_par' dir='ltr' id='par_1_1' title="bbox 502 282 722 349">
     <span class='ocr_line' id='line_1_1' title="bbox 502 282 722 349; baseline 0.009 -16"><span class='ocrx_word' id='word_1_1' title='bbox 502 282 543 344; x_wconf 85' lang='lat'><strong>35,</strong></span> <span class='ocrx_word' id='word_1_2' title='bbox 564 285 671 349; x_wconf 56' lang='lat' dir='ltr'><strong>tar-ao,</strong></span> <span class='ocrx_word' id='word_1_3' title='bbox 690 285 722 335; x_wconf 80' lang='lat' dir='ltr'><strong>ao</strong></span> 
     </span>
    </p>
   </div>
   <div class='ocr_carea' id='block_1_2' title="bbox 154 445 790 868">
    <p class='ocr_par' dir='ltr' id='par_1_2' title="bbox 154 445 790 868">
     <span class='ocr_line' id='line_1_2' title="bbox 203 445 790 530; baseline 0.015 -21"><span class='ocrx_word' id='word_1_4' title='bbox 203 449 339 530; x_wconf 75' lang='lat' dir='ltr'>Dindymi</span> <span class='ocrx_word' id='word_1_5' title='bbox 363 445 521 527; x_wconf 84' lang='lat' dir='ltr'><strong>dominam,</strong></span> <span class='ocrx_word' id='word_1_6' title='bbox 545 472 638 515; x_wconf 85' lang='lat' dir='ltr'><strong>exeo</strong></span> <span class='ocrx_word' id='word_1_7' title='bbox 662 453 790 518; x_wconf 79' lang='lat' dir='ltr'><strong>misellae</strong></span> 
     </span>
     <span class='ocr_line' id='line_1_3' title="bbox 154 535 790 612; baseline 0.013 -18"><span class='ocrx_word' id='word_1_8' title='bbox 154 543 182 593; x_wconf 82' lang='grc'><strong>15</strong></span> <span class='ocrx_word' id='word_1_9' title='bbox 204 535 291 612; x_wconf 82' lang='lat' dir='ltr'><strong>lgnes</strong></span> <span class='ocrx_word' id='word_1_10' title='bbox 313 536 485 597; x_wconf 90' lang='lat' dir='ltr'><strong>interiorem</strong></span> <span class='ocrx_word' id='word_1_11' title='bbox 510 538 602 599; x_wconf 94' lang='lat' dir='ltr'><strong>edunt</strong></span> <span class='ocrx_word' id='word_1_12' title='bbox 623 539 790 602; x_wconf 78' lang='lat' dir='ltr'><strong>medullam.</strong></span> 
     </span>
     <span class='ocr_line' id='line_1_4' title="bbox 203 619 690 703; baseline 0.01 -24"><span class='ocrx_word' id='word_1_13' title='bbox 203 619 328 702; x_wconf 81' lang='lat' dir='ltr'><strong>ignosco</strong></span> <span class='ocrx_word' id='word_1_14' title='bbox 351 622 413 696; x_wconf 85' lang='lat' dir='ltr'><strong>tihi,</strong></span> <span class='ocrx_word' id='word_1_15' title='bbox 436 623 572 703; x_wconf 87' lang='lat' dir='ltr'><strong>sapphica</strong></span> <span class='ocrx_word' id='word_1_16' title='bbox 595 624 690 702; x_wconf 89' lang='lat' dir='ltr'><strong>puella</strong></span> 
     </span>
     <span class='ocr_line' id='line_1_5' title="bbox 203 705 752 772; baseline 0.015 -8"><span class='ocrx_word' id='word_1_17' title='bbox 203 705 284 766; x_wconf 83' lang='lat' dir='ltr'><strong>Musa</strong></span> <span class='ocrx_word' id='word_1_18' title='bbox 306 705 435 772; x_wconf 80' lang='lat' dir='ltr'><strong>doctior:</strong></span> <span class='ocrx_word' id='word_1_19' title='bbox 460 715 504 769; x_wconf 89' lang='lat' dir='ltr'><strong>est</strong></span> <span class='ocrx_word' id='word_1_20' title='bbox 526 708 604 769; x_wconf 90' lang='lat' dir='ltr'><strong>enim</strong></span> <span class='ocrx_word' id='word_1_21' title='bbox 628 720 752 772; x_wconf 82' lang='lat' dir='ltr'><strong>uenatste</strong></span> 
     </span>
     <span class='ocr_line' id='line_1_6' title="bbox 203 789 739 868; baseline 0.011 -19"><span class='ocrx_word' id='word_1_22' title='bbox 203 789 308 868; x_wconf 84' lang='lat' dir='ltr'><strong>Magna</strong></span> <span class='ocrx_word' id='word_1_23' title='bbox 331 791 454 853; x_wconf 87' lang='lat' dir='ltr'><strong>Caecilio</strong></span> <span class='ocrx_word' id='word_1_24' title='bbox 478 793 615 854; x_wconf 91' lang='lat' dir='ltr'><strong>incohata</strong></span> <span class='ocrx_word' id='word_1_25' title='bbox 638 805 739 856; x_wconf 87' lang='lat' dir='ltr'><strong>mater.</strong></span> 
     </span>
    </p>
   </div>
   <div class='ocr_carea' id='block_1_3' title="bbox 157 974 1000 2667">
    <p class='ocr_par' dir='ltr' id='par_1_3' title="bbox 157 974 1000 2667">
     <span class='ocr_line' id='line_1_7' title="bbox 202 974 702 1052; baseline 0.006 -13"><span class='ocrx_word' id='word_1_26' title='bbox 202 974 338 1040; x_wconf 75' lang='lat' dir='ltr'><strong>Annales</strong></span> <span class='ocrx_word' id='word_1_27' title='bbox 360 979 470 1052; x_wconf 85' lang='lat' dir='ltr'><strong>Volusi,</strong></span> <span class='ocrx_word' id='word_1_28' title='bbox 494 990 590 1042; x_wconf 83' lang='lat' dir='ltr'><strong>cacata</strong></span> <span class='ocrx_word' id='word_1_29' title='bbox 614 991 702 1052; x_wconf 86' lang='lat' dir='ltr'><strong>carta,</strong></span> 
     </span>
     <span class='ocr_line' id='line_1_8' title="bbox 206 1062 730 1146; baseline 0.008 -25"><span class='ocrx_word' id='word_1_30' title='bbox 206 1062 310 1123; x_wconf 92' lang='lat' dir='ltr'><strong>Votum</strong></span> <span class='ocrx_word' id='word_1_31' title='bbox 333 1065 437 1125; x_wconf 88' lang='lat' dir='ltr'><strong>soluite</strong></span> <span class='ocrx_word' id='word_1_32' title='bbox 459 1083 515 1144; x_wconf 87' lang='lat' dir='ltr'><strong>pro</strong></span> <span class='ocrx_word' id='word_1_33' title='bbox 537 1085 602 1126; x_wconf 91' lang='lat' dir='ltr'><strong>mea</strong></span> <span class='ocrx_word' id='word_1_34' title='bbox 623 1066 730 1146; x_wconf 88' lang='lat' dir='ltr'><strong>puella.</strong></span> 
     </span>
     <span class='ocr_line' id='line_1_9' title="bbox 204 1146 766 1231; baseline 0.011 -25"><span class='ocrx_word' id='word_1_35' title='bbox 204 1146 275 1208; x_wconf 90' lang='lat' dir='ltr'><strong>Nam</strong></span> <span class='ocrx_word' id='word_1_36' title='bbox 298 1157 416 1211; x_wconf 91' lang='lat' dir='ltr'><strong>sauctae</strong></span> <span class='ocrx_word' id='word_1_37' title='bbox 440 1149 546 1211; x_wconf 86' lang='lat' dir='ltr'><strong>Veneri</strong></span> <span class='ocrx_word' id='word_1_38' title='bbox 570 1151 766 1231; x_wconf 86' lang='lat' dir='ltr'><strong>Cupidinique</strong></span> 
     </span>
     <span class='ocr_line' id='line_1_10' title="bbox 205 1231 716 1307; baseline 0.012 -17"><span class='ocrx_word' id='word_1_39' title='bbox 205 1231 300 1307; x_wconf 82' lang='lat' dir='ltr'><strong>Vouit,</strong></span> <span class='ocrx_word' id='word_1_40' title='bbox 323 1234 347 1295; x_wconf 91' lang='lat' dir='ltr'><strong>si</strong></span> <span class='ocrx_word' id='word_1_41' title='bbox 369 1235 423 1296; x_wconf 88' lang='lat' dir='ltr'><strong>sihi</strong></span> <span class='ocrx_word' id='word_1_42' title='bbox 446 1236 600 1298; x_wconf 88' lang='lat' dir='ltr'><strong>restitutus</strong></span> <span class='ocrx_word' id='word_1_43' title='bbox 622 1255 716 1298; x_wconf 92' lang='lat' dir='ltr'><strong>essem</strong></span> 
     </span>
     <span class='ocr_line' id='line_1_11' title="bbox 167 1317 811 1398; baseline 0.011 -22"><span class='ocrx_word' id='word_1_44' title='bbox 167 1326 181 1376; x_wconf 83' lang='lat'>5</span> <span class='ocrx_word' id='word_1_45' title='bbox 203 1317 407 1398; x_wconf 72' lang='lat' dir='ltr'><strong>desissemque</strong></span> <span class='ocrx_word' id='word_1_46' title='bbox 428 1328 527 1382; x_wconf 85' lang='lat' dir='ltr'><strong>truces</strong></span> <span class='ocrx_word' id='word_1_47' title='bbox 548 1321 667 1383; x_wconf 87' lang='lat' dir='ltr'><strong>uibrare</strong></span> <span class='ocrx_word' id='word_1_48' title='bbox 689 1323 811 1397; x_wconf 83' lang='lat' dir='ltr'><strong>iambos,</strong></span> 
     </span>
     <span class='ocr_line' id='line_1_12' title="bbox 204 1402 652 1486; baseline 0.013 -24"><span class='ocrx_word' id='word_1_49' title='bbox 204 1402 386 1466; x_wconf 87' lang='lat' dir='ltr'><strong>Electissima</strong></span> <span class='ocrx_word' id='word_1_50' title='bbox 408 1406 525 1485; x_wconf 85' lang='lat' dir='ltr'><strong>pessimi</strong></span> <span class='ocrx_word' id='word_1_51' title='bbox 547 1417 652 1486; x_wconf 90' lang='lat' dir='ltr'><strong>poetae</strong></span> 
     </span>
     <span class='ocr_line' id='line_1_13' title="bbox 205 1489 714 1569; baseline 0.01 -21"><span class='ocrx_word' id='word_1_52' title='bbox 205 1489 319 1569; x_wconf 75' lang='lat' dir='ltr'><strong>Scripta</strong></span> <span class='ocrx_word' id='word_1_53' title='bbox 341 1491 483 1569; x_wconf 79' lang='lat' dir='ltr'><strong>tardipedi</strong></span> <span class='ocrx_word' id='word_1_54' title='bbox 506 1491 560 1552; x_wconf 90' lang='lat' dir='ltr'><strong>deo</strong></span> <span class='ocrx_word' id='word_1_55' title='bbox 584 1492 714 1553; x_wconf 86' lang='lat' dir='ltr'><strong>daturam</strong></span> 
     </span>
     <span class='ocr_line' id='line_1_14' title="bbox 205 1572 660 1656; baseline 0.007 -23"><span class='ocrx_word' id='word_1_56' title='bbox 205 1572 374 1637; x_wconf 84' lang='lat' dir='ltr'><strong>infelicibus</strong></span> <span class='ocrx_word' id='word_1_57' title='bbox 397 1576 542 1637; x_wconf 89' lang='lat' dir='ltr'><strong>ustilanda</strong></span> <span class='ocrx_word' id='word_1_58' title='bbox 563 1577 660 1656; x_wconf 85' lang='lat' dir='ltr'><strong>liguis.</strong></span> 
     </span>
     <span class='ocr_line' id='line_1_15' title="bbox 205 1658 739 1740; baseline 0.006 -22"><span class='ocrx_word' id='word_1_59' title='bbox 205 1658 243 1719; x_wconf 89' lang='lat' dir='ltr'><strong>Et</strong></span> <span class='ocrx_word' id='word_1_60' title='bbox 263 1659 320 1720; x_wconf 89' lang='lat' dir='ltr'><strong>hoc</strong></span> <span class='ocrx_word' id='word_1_61' title='bbox 343 1661 470 1740; x_wconf 88' lang='lat' dir='ltr'><strong>pessima</strong></span> <span class='ocrx_word' id='word_1_62' title='bbox 492 1681 524 1722; x_wconf 90' lang='lat' dir='ltr'><strong>se</strong></span> <span class='ocrx_word' id='word_1_63' title='bbox 546 1662 643 1740; x_wconf 85' lang='lat' dir='ltr'><strong>puella</strong></span> <span class='ocrx_word' id='word_1_64' title='bbox 665 1661 739 1722; x_wconf 92' lang='lat' dir='ltr'><strong>uidit</strong></span> 
     </span>
     <span class='ocr_line' id='line_1_16' title="bbox 157 1743 666 1824; baseline 0.01 -24"><span class='ocrx_word' id='word_1_65' title='bbox 157 1750 184 1801; x_wconf 87' lang='lat' dir='ltr'><strong>tu</strong></span> <span class='ocrx_word' id='word_1_66' title='bbox 206 1743 308 1806; x_wconf 88' lang='lat' dir='ltr'><strong>iocose</strong></span> <span class='ocrx_word' id='word_1_67' title='bbox 330 1745 426 1824; x_wconf 89' lang='lat' dir='ltr'><strong>lepide</strong></span> <span class='ocrx_word' id='word_1_68' title='bbox 449 1757 569 1807; x_wconf 85' lang='lat' dir='ltr'><strong>uouere</strong></span> <span class='ocrx_word' id='word_1_69' title='bbox 583 1747 666 1807; x_wconf 88' lang='lat' dir='ltr'><strong>diuis.</strong></span> 
     </span>
     <span class='ocr_line' id='line_1_17' title="bbox 205 1828 742 1909; baseline 0.006 -21"><span class='ocrx_word' id='word_1_70' title='bbox 205 1828 301 1904; x_wconf 89' lang='lat' dir='ltr'><strong>Nunc,</strong></span> <span class='ocrx_word' id='word_1_71' title='bbox 324 1848 341 1889; x_wconf 95' lang='lat' dir='ltr'><strong>o</strong></span> <span class='ocrx_word' id='word_1_72' title='bbox 365 1829 499 1906; x_wconf 90' lang='lat' dir='ltr'><strong>caeruleo</strong></span> <span class='ocrx_word' id='word_1_73' title='bbox 522 1842 618 1892; x_wconf 87' lang='lat' dir='ltr'><strong>creata</strong></span> <span class='ocrx_word' id='word_1_74' title='bbox 640 1840 742 1909; x_wconf 84' lang='lat' dir='ltr'><strong>ponto,</strong></span> 
     </span>
     <span class='ocr_line' id='line_1_18' title="bbox 206 1912 894 1994; baseline 0.004 -20"><span class='ocrx_word' id='word_1_75' title='bbox 206 1912 288 1984; x_wconf 87' lang='lat' dir='ltr'><strong>Ouae</strong></span> <span class='ocrx_word' id='word_1_76' title='bbox 310 1923 444 1975; x_wconf 89' lang='lat' dir='ltr'><strong>sanctum</strong></span> <span class='ocrx_word' id='word_1_77' title='bbox 467 1914 598 1976; x_wconf 90' lang='lat' dir='ltr'><strong>Idalium</strong></span> <span class='ocrx_word' id='word_1_78' title='bbox 612 1914 755 1994; x_wconf 74' lang='lat' dir='ltr'><strong>Veiosque</strong></span> <span class='ocrx_word' id='word_1_79' title='bbox 777 1923 894 1994; x_wconf 84' lang='lat' dir='ltr'><strong>apertos</strong></span> 
     </span>
     <span class='ocr_line' id='line_1_19' title="bbox 207 1998 956 2080; baseline 0 -20"><span class='ocrx_word' id='word_1_80' title='bbox 207 1998 348 2078; x_wconf 86' lang='lat' dir='ltr'><strong>Quaeque</strong></span> <span class='ocrx_word' id='word_1_81' title='bbox 370 2002 492 2061; x_wconf 79' lang='lat' dir='ltr'><strong>Ancona</strong></span> <span class='ocrx_word' id='word_1_82' title='bbox 518 1999 703 2080; x_wconf 78' lang='lat' dir='ltr'><strong>Cnidumque</strong></span> <span class='ocrx_word' id='word_1_83' title='bbox 725 2000 956 2062; x_wconf 84' lang='lat' dir='ltr'><strong>harundinosam</strong></span> 
     </span>
     <span class='ocr_line' id='line_1_20' title="bbox 208 2083 922 2165; baseline 0.004 -21"><span class='ocrx_word' id='word_1_84' title='bbox 208 2083 286 2146; x_wconf 84' lang='lat' dir='ltr'><strong>Colis</strong></span> <span class='ocrx_word' id='word_1_85' title='bbox 307 2103 436 2165; x_wconf 86' lang='lat' dir='ltr'><strong>quaeque</strong></span> <span class='ocrx_word' id='word_1_86' title='bbox 458 2086 636 2146; x_wconf 80' lang='lat' dir='ltr'><strong>Amathunta</strong></span> <span class='ocrx_word' id='word_1_87' title='bbox 660 2104 792 2164; x_wconf 89' lang='lat' dir='ltr'><strong>quaeque</strong></span> <span class='ocrx_word' id='word_1_88' title='bbox 817 2085 922 2165; x_wconf 81' lang='lat' dir='ltr'><strong>Golpoa</strong></span> 
     </span>
     <span class='ocr_line' id='line_1_21' title="bbox 157 2169 900 2248; baseline 0.004 -19"><span class='ocrx_word' id='word_1_89' title='bbox 157 2179 184 2230; x_wconf 81' lang='lat'><strong>15</strong></span> <span class='ocrx_word' id='word_1_90' title='bbox 207 2169 348 2248; x_wconf 82' lang='lat' dir='ltr'><strong>Quaeque</strong></span> <span class='ocrx_word' id='word_1_91' title='bbox 371 2171 566 2232; x_wconf 86' lang='lat' dir='ltr'><strong>Durrachium</strong></span> <span class='ocrx_word' id='word_1_92' title='bbox 592 2171 715 2232; x_wconf 80' lang='lat' dir='ltr'><strong>hadriae</strong></span> <span class='ocrx_word' id='word_1_93' title='bbox 737 2172 900 2245; x_wconf 83' lang='lat' dir='ltr'><strong>tabernam,</strong></span> 
     </span>
     <span class='ocr_line' id='line_1_22' title="bbox 207 2256 817 2335; baseline 0.005 -21"><span class='ocrx_word' id='word_1_94' title='bbox 207 2258 367 2335; x_wconf 79' lang='lat' dir='ltr'><strong>Acceptum</strong></span> <span class='ocrx_word' id='word_1_95' title='bbox 391 2257 454 2317; x_wconf 88' lang='lat' dir='ltr'><strong>lace</strong></span> <span class='ocrx_word' id='word_1_96' title='bbox 476 2256 682 2335; x_wconf 85' lang='lat' dir='ltr'><strong>redditumque</strong></span> <span class='ocrx_word' id='word_1_97' title='bbox 704 2267 817 2332; x_wconf 81' lang='lat' dir='ltr'><strong>arctum,</strong></span> 
     </span>
     <span class='ocr_line' id='line_1_23' title="bbox 208 2340 1000 2421; baseline 0.009 -21"><span class='ocrx_word' id='word_1_98' title='bbox 208 2341 239 2401; x_wconf 87' lang='lat' dir='ltr'><strong>si</strong></span> <span class='ocrx_word' id='word_1_99' title='bbox 261 2359 322 2401; x_wconf 91' lang='lat' dir='ltr'><strong>non</strong></span> <span class='ocrx_word' id='word_1_100' title='bbox 345 2340 495 2421; x_wconf 89' lang='lat' dir='ltr'><strong>illepidum</strong></span> <span class='ocrx_word' id='word_1_101' title='bbox 520 2361 617 2420; x_wconf 89' lang='lat' dir='ltr'><strong>neque</strong></span> <span class='ocrx_word' id='word_1_102' title='bbox 640 2343 831 2403; x_wconf 88' lang='lat' dir='ltr'><strong>inuenustum</strong></span> <span class='ocrx_word' id='word_1_103' title='bbox 855 2350 908 2402; x_wconf 84' lang='lat' dir='ltr'><strong>est.</strong></span> <span class='ocrx_word' id='word_1_104' title='bbox 998 2404 1000 2407; x_wconf 83' lang='grc'>.</span> 
     </span>
     <span class='ocr_line' id='line_1_24' title="bbox 208 2426 760 2505; baseline 0.005 -21"><span class='ocrx_word' id='word_1_105' title='bbox 208 2427 245 2485; x_wconf 86' lang='lat' dir='ltr'><strong>At</strong></span> <span class='ocrx_word' id='word_1_106' title='bbox 265 2445 320 2487; x_wconf 90' lang='lat' dir='ltr'><strong>uos</strong></span> <span class='ocrx_word' id='word_1_107' title='bbox 343 2426 454 2487; x_wconf 85' lang='lat' dir='ltr'><strong>interea</strong></span> <span class='ocrx_word' id='word_1_108' title='bbox 476 2427 576 2488; x_wconf 87' lang='lat' dir='ltr'><strong>uenite</strong></span> <span class='ocrx_word' id='word_1_109' title='bbox 597 2427 628 2487; x_wconf 92' lang='lat' dir='ltr'><strong>in</strong></span> <span class='ocrx_word' id='word_1_110' title='bbox 652 2427 760 2505; x_wconf 81' lang='lat' dir='ltr'><strong>ignem,</strong></span> 
     </span>
     <span class='ocr_line' id='line_1_25' title="bbox 209 2510 659 2572; baseline 0.004 -3"><span class='ocrx_word' id='word_1_111' title='bbox 209 2510 292 2571; x_wconf 88' lang='lat' dir='ltr'><strong>Pleni</strong></span> <span class='ocrx_word' id='word_1_112' title='bbox 314 2511 392 2572; x_wconf 87' lang='lat' dir='ltr'><strong>ruris</strong></span> <span class='ocrx_word' id='word_1_113' title='bbox 414 2520 443 2572; x_wconf 89' lang='lat' dir='ltr'><strong>et</strong></span> <span class='ocrx_word' id='word_1_114' title='bbox 465 2511 659 2572; x_wconf 82' lang='lat' dir='ltr'><strong>inficetiarum</strong></span> 
     </span>
     <span class='ocr_line' id='line_1_26' title="bbox 159 2594 702 2667; baseline -0.002 -11"><span class='ocrx_word' id='word_1_115' title='bbox 159 2605 187 2656; x_wconf 81' lang='grc'><strong>11)</strong></span> <span class='ocrx_word' id='word_1_116' title='bbox 208 2595 339 2661; x_wconf 81' lang='lat' dir='ltr'><strong>Annales</strong></span> <span class='ocrx_word' id='word_1_117' title='bbox 363 2595 470 2667; x_wconf 89' lang='lat' dir='ltr'><strong>Volusi,</strong></span> <span class='ocrx_word' id='word_1_118' title='bbox 494 2594 590 2657; x_wconf 84' lang='lat' dir='ltr'><strong>cacata</strong></span> <span class='ocrx_word' id='word_1_119' title='bbox 614 2604 702 2656; x_wconf 90' lang='lat' dir='ltr'><strong>carta.</strong></span> 
     </span>
    </p>
   </div>
   <div class='ocr_carea' id='block_1_4' title="bbox 79 2809 1205 4103">
    <p class='ocr_par' dir='ltr' id='par_1_4' title="bbox 171 2809 1159 2882">
     <span class='ocr_line' id='line_1_27' title="bbox 171 2809 1159 2882; baseline -0.001 -16"><span class='ocrx_word' id='word_1_120' title='bbox 171 2816 202 2866; x_wconf 86' lang='grc'><strong>14</strong></span> <span class='ocrx_word' id='word_1_121' title='bbox 220 2811 329 2865; x_wconf 83' lang='lat' dir='ltr'><strong>Dindimi</strong></span> <span class='ocrx_word' id='word_1_122' title='bbox 347 2814 372 2867; x_wconf 95' lang='lat' dir='ltr'><em>V</em></span> <span class='ocrx_word' id='word_1_123' title='bbox 387 2811 398 2879; x_wconf 91' lang='grc'><strong>1</strong></span> <span class='ocrx_word' id='word_1_124' title='bbox 417 2816 448 2867; x_wconf 85' lang='grc'><strong>16</strong></span> <span class='ocrx_word' id='word_1_125' title='bbox 466 2814 570 2880; x_wconf 87' lang='lat' dir='ltr'><strong>saphica</strong></span> <span class='ocrx_word' id='word_1_126' title='bbox 586 2814 606 2864; x_wconf 91' lang='lat'><em>0</em></span> <span class='ocrx_word' id='word_1_127' title='bbox 623 2812 737 2880; x_wconf 83' lang='lat' dir='ltr'><strong>saphyca</strong></span> <span class='ocrx_word' id='word_1_128' title='bbox 752 2811 789 2863; x_wconf 83' lang='lat' dir='ltr'><strong>G*</strong></span> <span class='ocrx_word' id='word_1_129' title='bbox 807 2809 816 2878; x_wconf 94' lang='grc'><strong>11</strong></span> <span class='ocrx_word' id='word_1_130' title='bbox 835 2815 866 2863; x_wconf 86' lang='grc'><strong>11</strong></span> <span class='ocrx_word' id='word_1_131' title='bbox 885 2810 972 2863; x_wconf 89' lang='lat' dir='ltr'><strong>docior</strong></span> <span class='ocrx_word' id='word_1_132' title='bbox 987 2812 1023 2863; x_wconf 82' lang='lat'><strong>0*</strong></span> <span class='ocrx_word' id='word_1_133' title='bbox 1040 2815 1050 2882; x_wconf 94' lang='grc'><strong>11</strong></span> <span class='ocrx_word' id='word_1_134' title='bbox 1069 2815 1099 2865; x_wconf 86' lang='grc'><strong>18</strong></span> <span class='ocrx_word' id='word_1_135' title='bbox 1118 2828 1159 2865; x_wconf 89' lang='lat' dir='ltr'><strong>ce·</strong></span> 
     </span>
    </p>

    <p class='ocr_par' dir='ltr' id='par_1_5' title="bbox 82 2880 624 2945">
     <span class='ocr_line' id='line_1_28' title="bbox 82 2880 624 2945; baseline -0.002 -12"><span class='ocrx_word' id='word_1_136' title='bbox 82 2880 142 2933; x_wconf 90' lang='lat' dir='ltr'><strong>cilia</strong></span> <span class='ocrx_word' id='word_1_137' title='bbox 162 2881 190 2933; x_wconf 92' lang='lat' dir='ltr'><em>V</em></span> <span class='ocrx_word' id='word_1_138' title='bbox 202 2880 210 2945; x_wconf 94' lang='grc'><strong>11</strong></span> <span class='ocrx_word' id='word_1_139' title='bbox 227 2881 346 2934; x_wconf 87' lang='lat' dir='ltr'><strong>incohata</strong></span> <span class='ocrx_word' id='word_1_140' title='bbox 367 2881 445 2945; x_wconf 89' lang='lat' dir='ltr'><strong><em>0[D]:</em></strong></span> <span class='ocrx_word' id='word_1_141' title='bbox 463 2880 582 2933; x_wconf 87' lang='lat' dir='ltr'><strong>inchoata</strong></span> <span class='ocrx_word' id='word_1_142' title='bbox 602 2881 624 2932; x_wconf 86' lang='lat' dir='ltr'><em>G</em></span> 
     </span>
    </p>

    <p class='ocr_par' dir='ltr' id='par_1_6' title="bbox 79 2946 1205 4103">
     <span class='ocr_line' id='line_1_29' title="bbox 79 2946 1158 3013; baseline -0.003 -11"><span class='ocrx_word' id='word_1_143' title='bbox 79 2968 86 2977; x_wconf 56' lang='lat'>²</span> <span class='ocrx_word' id='word_1_144' title='bbox 168 2946 206 3002; x_wconf 75' lang='lat' dir='ltr'><strong>aa</strong></span> <span class='ocrx_word' id='word_1_145' title='bbox 223 2951 398 3001; x_wconf 75' lang='lat' dir='ltr'><strong>interstitium</strong></span> <span class='ocrx_word' id='word_1_146' title='bbox 415 2951 561 3002; x_wconf 74' lang='lat' dir='ltr'><strong>nulhth.</strong></span> <span class='ocrx_word' id='word_1_147' title='bbox 588 2947 689 3001; x_wconf 77' lang='lat' dir='ltr'><strong>hdlusi</strong></span> <span class='ocrx_word' id='word_1_148' title='bbox 707 2952 820 3001; x_wconf 83' lang='lat' dir='ltr'><strong>cauatam</strong></span> <span class='ocrx_word' id='word_1_149' title='bbox 835 2950 864 2998; x_wconf 81' lang='lat' dir='ltr'><strong>in</strong></span> <span class='ocrx_word' id='word_1_150' title='bbox 880 2963 966 3013; x_wconf 84' lang='lat' dir='ltr'><strong>marg.</strong></span> <span class='ocrx_word' id='word_1_151' title='bbox 973 2963 994 3013; x_wconf 74' lang='lat' dir='ltr'><em>g</em></span> <span class='ocrx_word' id='word_1_152' title='bbox 1007 2948 1085 3011; x_wconf 82' lang='lat' dir='ltr'><strong>[idom</strong></span> <span class='ocrx_word' id='word_1_153' title='bbox 1100 2946 1158 3008; x_wconf 79' lang='lat' dir='ltr'><strong>fera</strong></span> 
     </span>
     <span class='ocr_line' id='line_1_30' title="bbox 83 3016 1153 3082; baseline -0.001 -15"><span class='ocrx_word' id='word_1_154' title='bbox 83 3016 178 3068; x_wconf 78' lang='lat' dir='ltr'><strong>titulus</strong></span> <span class='ocrx_word' id='word_1_155' title='bbox 195 3019 225 3068; x_wconf 83' lang='lat' dir='ltr'><strong>in</strong></span> <span class='ocrx_word' id='word_1_156' title='bbox 234 3017 396 3080; x_wconf 67' lang='lat' dir='ltr'><strong>Aaronem.</strong></span> <span class='ocrx_word' id='word_1_157' title='bbox 434 3019 484 3069; x_wconf 81' lang='lat' dir='ltr'><strong>doc</strong></span> <span class='ocrx_word' id='word_1_158' title='bbox 502 3032 609 3068; x_wconf 75' lang='lat' dir='ltr'><strong>carmen</strong></span> <span class='ocrx_word' id='word_1_159' title='bbox 626 3020 746 3082; x_wconf 71' lang='lat' dir='ltr'><strong>respexit</strong></span> <span class='ocrx_word' id='word_1_160' title='bbox 755 3016 854 3068; x_wconf 78' lang='lat' dir='ltr'><strong>Seneca</strong></span> <span class='ocrx_word' id='word_1_161' title='bbox 864 3016 968 3082; x_wconf 81' lang='lat' dir='ltr'><strong>epistol.</strong></span> <span class='ocrx_word' id='word_1_162' title='bbox 978 3017 1018 3080; x_wconf 76' lang='grc'><strong>11,</strong></span> <span class='ocrx_word' id='word_1_163' title='bbox 1028 3019 1043 3068; x_wconf 89' lang='grc'><strong>1</strong></span> <span class='ocrx_word' id='word_1_164' title='bbox 1054 3016 1153 3082; x_wconf 72' lang='grc'><strong>195111</strong></span> 
     </span>
     <span class='ocr_line' id='line_1_31' title="bbox 82 3083 1157 3152; baseline 0 -17"><span class='ocrx_word' id='word_1_165' title='bbox 82 3083 234 3149; x_wconf 72' lang='grc'><strong>1111111111)</strong></span> <span class='ocrx_word' id='word_1_166' title='bbox 251 3100 303 3137; x_wconf 90' lang='lat' dir='ltr'><strong>uon</strong></span> <span class='ocrx_word' id='word_1_167' title='bbox 322 3093 373 3138; x_wconf 86' lang='lat' dir='ltr'><strong>tam</strong></span> <span class='ocrx_word' id='word_1_168' title='bbox 391 3085 479 3136; x_wconf 86' lang='lat' dir='ltr'><strong>multis</strong></span> <span class='ocrx_word' id='word_1_169' title='bbox 496 3085 561 3136; x_wconf 79' lang='lat' dir='ltr'><strong>uixit</strong></span> <span class='ocrx_word' id='word_1_170' title='bbox 578 3085 652 3137; x_wconf 88' lang='lat' dir='ltr'><strong>annis</strong></span> <span class='ocrx_word' id='word_1_171' title='bbox 676 3101 752 3152; x_wconf 89' lang='lat' dir='ltr'><strong>quam</strong></span> <span class='ocrx_word' id='word_1_172' title='bbox 771 3085 862 3150; x_wconf 91' lang='lat' dir='ltr'><strong>potnit.</strong></span> <span class='ocrx_word' id='word_1_173' title='bbox 898 3090 924 3136; x_wconf 89' lang='lat' dir='ltr'><strong>et</strong></span> <span class='ocrx_word' id='word_1_174' title='bbox 945 3099 1083 3150; x_wconf 86' lang='lat' dir='ltr'><strong>pancorum</strong></span> <span class='ocrx_word' id='word_1_175' title='bbox 1101 3099 1157 3136; x_wconf 89' lang='lat' dir='ltr'><strong>ner·</strong></span> 
     </span>
     <span class='ocr_line' id='line_1_32' title="bbox 83 3150 1205 3221; baseline -0.001 -17"><span class='ocrx_word' id='word_1_176' title='bbox 83 3165 159 3204; x_wconf 88' lang='lat' dir='ltr'><strong>snum</strong></span> <span class='ocrx_word' id='word_1_177' title='bbox 177 3150 242 3202; x_wconf 85' lang='lat' dir='ltr'><strong>liber</strong></span> <span class='ocrx_word' id='word_1_178' title='bbox 259 3157 298 3204; x_wconf 85' lang='lat' dir='ltr'><strong>est</strong></span> <span class='ocrx_word' id='word_1_179' title='bbox 316 3157 342 3204; x_wconf 90' lang='lat' dir='ltr'><strong>et</strong></span> <span class='ocrx_word' id='word_1_180' title='bbox 360 3152 462 3219; x_wconf 85' lang='lat' dir='ltr'><strong>quidem</strong></span> <span class='ocrx_word' id='word_1_181' title='bbox 481 3151 622 3206; x_wconf 84' lang='lat' dir='ltr'><strong>laudandus</strong></span> <span class='ocrx_word' id='word_1_182' title='bbox 647 3157 724 3221; x_wconf 90' lang='lat' dir='ltr'><strong>atque</strong></span> <span class='ocrx_word' id='word_1_183' title='bbox 747 3152 824 3206; x_wconf 88' lang='lat' dir='ltr'><strong>utilis.</strong></span> <span class='ocrx_word' id='word_1_184' title='bbox 861 3152 965 3204; x_wconf 87' lang='lat' dir='ltr'><strong>annales</strong></span> <span class='ocrx_word' id='word_1_185' title='bbox 983 3151 1088 3211; x_wconf 78' lang='lat' dir='ltr'><strong>Tanusii</strong></span> <span class='ocrx_word' id='word_1_186' title='bbox 1106 3152 1157 3203; x_wconf 87' lang='lat' dir='ltr'><strong>scis</strong></span> <span class='ocrx_word' id='word_1_187' title='bbox 1200 3160 1205 3180; x_wconf 85' lang='lat'><strong>·</strong></span> 
     </span>
     <span class='ocr_line' id='line_1_33' title="bbox 85 3217 1156 3288; baseline -0.002 -16"><span class='ocrx_word' id='word_1_188' title='bbox 85 3233 162 3288; x_wconf 88' lang='lat' dir='ltr'><strong>qnam</strong></span> <span class='ocrx_word' id='word_1_189' title='bbox 180 3217 316 3285; x_wconf 89' lang='lat' dir='ltr'><strong>ponderosi</strong></span> <span class='ocrx_word' id='word_1_190' title='bbox 334 3221 386 3273; x_wconf 88' lang='lat' dir='ltr'><strong>sint</strong></span> <span class='ocrx_word' id='word_1_191' title='bbox 404 3224 430 3272; x_wconf 90' lang='lat' dir='ltr'><strong>et</strong></span> <span class='ocrx_word' id='word_1_192' title='bbox 448 3219 508 3288; x_wconf 90' lang='lat' dir='ltr'><strong>quid</strong></span> <span class='ocrx_word' id='word_1_193' title='bbox 527 3225 657 3274; x_wconf 88' lang='lat' dir='ltr'><strong>nocentur.</strong></span> <span class='ocrx_word' id='word_1_194' title='bbox 692 3222 741 3273; x_wconf 87' lang='lat' dir='ltr'><strong>hoc</strong></span> <span class='ocrx_word' id='word_1_195' title='bbox 763 3225 803 3273; x_wconf 83' lang='lat' dir='ltr'><strong>est</strong></span> <span class='ocrx_word' id='word_1_196' title='bbox 826 3221 879 3273; x_wconf 90' lang='lat' dir='ltr'><strong>uita</strong></span> <span class='ocrx_word' id='word_1_197' title='bbox 904 3218 1062 3287; x_wconf 83' lang='lat' dir='ltr'><strong>quorundam</strong></span> <span class='ocrx_word' id='word_1_198' title='bbox 1080 3220 1156 3284; x_wconf 80' lang='lat' dir='ltr'><strong>longa</strong></span> 
     </span>
     <span class='ocr_line' id='line_1_34' title="bbox 84 3284 1161 3355; baseline -0.001 -16"><span class='ocrx_word' id='word_1_199' title='bbox 84 3291 111 3340; x_wconf 89' lang='lat' dir='ltr'><strong>et</strong></span> <span class='ocrx_word' id='word_1_200' title='bbox 129 3286 198 3354; x_wconf 93' lang='lat' dir='ltr'><strong>quod</strong></span> <span class='ocrx_word' id='word_1_201' title='bbox 216 3285 320 3338; x_wconf 82' lang='lat' dir='ltr'><strong>Tanusii</strong></span> <span class='ocrx_word' id='word_1_202' title='bbox 338 3289 453 3354; x_wconf 88' lang='lat' dir='ltr'><strong>seqnitur</strong></span> <span class='ocrx_word' id='word_1_203' title='bbox 470 3288 574 3341; x_wconf 85' lang='lat' dir='ltr'><strong>annales</strong></span> <span class='ocrx_word' id='word_1_204' title='bbox 597 3288 607 3355; x_wconf 94' lang='grc'><strong>11</strong></span> <span class='ocrx_word' id='word_1_205' title='bbox 631 3293 643 3341; x_wconf 92' lang='grc'><strong>1</strong></span> <span class='ocrx_word' id='word_1_206' title='bbox 663 3288 763 3345; x_wconf 80' lang='lat' dir='ltr'><strong>Annale</strong></span> <span class='ocrx_word' id='word_1_207' title='bbox 779 3288 906 3352; x_wconf 84' lang='lat' dir='ltr'><strong>(Annuale</strong></span> <span class='ocrx_word' id='word_1_208' title='bbox 926 3288 956 3353; x_wconf 86' lang='lat' dir='ltr'><strong>G)</strong></span> <span class='ocrx_word' id='word_1_209' title='bbox 974 3302 1021 3339; x_wconf 92' lang='lat' dir='ltr'><strong>sno</strong></span> <span class='ocrx_word' id='word_1_210' title='bbox 1039 3286 1089 3338; x_wconf 91' lang='lat' dir='ltr'><strong>lusi</strong></span> <span class='ocrx_word' id='word_1_211' title='bbox 1110 3288 1138 3338; x_wconf 92' lang='lat' dir='ltr'><em>V</em></span> <span class='ocrx_word' id='word_1_212' title='bbox 1151 3284 1161 3354; x_wconf 91' lang='grc'><strong>1</strong></span> 
     </span>
     <span class='ocr_line' id='line_1_35' title="bbox 85 3353 1159 3424; baseline -0.006 -15"><span class='ocrx_word' id='word_1_213' title='bbox 85 3359 99 3409; x_wconf 79' lang='lat'>6</span> <span class='ocrx_word' id='word_1_214' title='bbox 120 3354 303 3422; x_wconf 84' lang='lat' dir='ltr'><strong>Dedissemque</strong></span> <span class='ocrx_word' id='word_1_215' title='bbox 316 3354 345 3406; x_wconf 90' lang='lat' dir='ltr'><em>V</em></span> <span class='ocrx_word' id='word_1_216' title='bbox 357 3355 367 3423; x_wconf 95' lang='grc'><strong>11</strong></span> <span class='ocrx_word' id='word_1_217' title='bbox 384 3355 484 3409; x_wconf 86' lang='lat' dir='ltr'><strong>uibrare</strong></span> <span class='ocrx_word' id='word_1_218' title='bbox 502 3359 541 3420; x_wconf 81' lang='lat' dir='ltr'><strong>(in</strong></span> <span class='ocrx_word' id='word_1_219' title='bbox 558 3372 570 3407; x_wconf 88' lang='lat' dir='ltr'><strong>r</strong></span> <span class='ocrx_word' id='word_1_220' title='bbox 584 3361 734 3424; x_wconf 69' lang='lat' dir='ltr'><strong>posteriorc¹</strong></span> <span class='ocrx_word' id='word_1_221' title='bbox 752 3362 790 3409; x_wconf 76' lang='lat' dir='ltr'><strong>est</strong></span> <span class='ocrx_word' id='word_1_222' title='bbox 800 3373 907 3421; x_wconf 75' lang='lat' dir='ltr'><strong>rasura,</strong></span> <span class='ocrx_word' id='word_1_223' title='bbox 925 3360 1004 3406; x_wconf 84' lang='lat' dir='ltr'><strong>antea</strong></span> <span class='ocrx_word' id='word_1_224' title='bbox 1016 3353 1101 3415; x_wconf 77' lang='lat' dir='ltr'><strong>fuisse</strong></span> <span class='ocrx_word' id='word_1_225' title='bbox 1118 3358 1159 3404; x_wconf 84' lang='lat' dir='ltr'><strong>ut·</strong></span> 
     </span>
     <span class='ocr_line' id='line_1_36' title="bbox 84 3421 1159 3493; baseline -0.003 -18"><span class='ocrx_word' id='word_1_226' title='bbox 84 3424 164 3475; x_wconf 80' lang='lat' dir='ltr'><strong>detur</strong></span> <span class='ocrx_word' id='word_1_227' title='bbox 182 3425 201 3489; x_wconf 88' lang='lat' dir='ltr'><strong>t)</strong></span> <span class='ocrx_word' id='word_1_228' title='bbox 221 3423 243 3474; x_wconf 86' lang='lat' dir='ltr'><em>G</em></span> <span class='ocrx_word' id='word_1_229' title='bbox 266 3423 276 3493; x_wconf 94' lang='grc'><strong>1</strong></span> <span class='ocrx_word' id='word_1_230' title='bbox 300 3424 315 3475; x_wconf 85' lang='grc'>6</span> <span class='ocrx_word' id='word_1_231' title='bbox 334 3421 366 3475; x_wconf 88' lang='lat' dir='ltr'><strong>Se</strong></span> <span class='ocrx_word' id='word_1_232' title='bbox 384 3422 535 3477; x_wconf 85' lang='lat' dir='ltr'><strong>electissima</strong></span> <span class='ocrx_word' id='word_1_233' title='bbox 554 3426 687 3481; x_wconf 66' lang='lat' dir='ltr'><strong>Macareus</strong></span> <span class='ocrx_word' id='word_1_234' title='bbox 710 3425 743 3478; x_wconf 89' lang='lat' dir='ltr'><strong>Se</strong></span> <span class='ocrx_word' id='word_1_235' title='bbox 761 3424 901 3477; x_wconf 87' lang='lat' dir='ltr'><strong>lectissima</strong></span> <span class='ocrx_word' id='word_1_236' title='bbox 914 3424 1008 3487; x_wconf 82' lang='lat' dir='ltr'><strong>Peiper</strong></span> <span class='ocrx_word' id='word_1_237' title='bbox 1024 3422 1033 3488; x_wconf 94' lang='grc'><strong>1</strong></span> <span class='ocrx_word' id='word_1_238' title='bbox 1055 3424 1069 3474; x_wconf 81' lang='lat'>8</span> <span class='ocrx_word' id='word_1_239' title='bbox 1088 3428 1159 3473; x_wconf 91' lang='lat' dir='ltr'><strong>ustu-</strong></span> 
     </span>
     <span class='ocr_line' id='line_1_37' title="bbox 82 3489 1158 3561; baseline -0.006 -15"><span class='ocrx_word' id='word_1_240' title='bbox 82 3491 224 3560; x_wconf 74' lang='grc'><strong>11111111</strong></span> <span class='ocrx_word' id='word_1_241' title='bbox 242 3495 257 3545; x_wconf 88' lang='grc'>9</span> <span class='ocrx_word' id='word_1_242' title='bbox 276 3491 338 3544; x_wconf 85' lang='lat' dir='ltr'><strong>haec</strong></span> <span class='ocrx_word' id='word_1_243' title='bbox 351 3509 374 3542; x_wconf 80' lang='grc' dir='ltr'><strong><em>ω</em></strong></span> <span class='ocrx_word' id='word_1_244' title='bbox 391 3493 401 3556; x_wconf 90' lang='grc'><strong>1</strong></span> <span class='ocrx_word' id='word_1_245' title='bbox 418 3493 529 3557; x_wconf 88' lang='lat' dir='ltr'><strong>pessima</strong></span> <span class='ocrx_word' id='word_1_246' title='bbox 548 3509 588 3545; x_wconf 88' lang='lat' dir='ltr'><strong>me</strong></span> <span class='ocrx_word' id='word_1_247' title='bbox 606 3493 690 3561; x_wconf 87' lang='lat' dir='ltr'><strong>puella</strong></span> <span class='ocrx_word' id='word_1_248' title='bbox 709 3494 775 3545; x_wconf 89' lang='lat' dir='ltr'><strong>uidit</strong></span> <span class='ocrx_word' id='word_1_249' title='bbox 792 3492 850 3544; x_wconf 91' lang='lat' dir='ltr'><strong>loco</strong></span> <span class='ocrx_word' id='word_1_250' title='bbox 868 3505 896 3542; x_wconf 88' lang='lat' dir='ltr'><strong>se</strong></span> <span class='ocrx_word' id='word_1_251' title='bbox 909 3489 994 3556; x_wconf 88' lang='lat' dir='ltr'><strong>lepido</strong></span> <span class='ocrx_word' id='word_1_252' title='bbox 1007 3491 1158 3547; x_wconf 75' lang='lat' dir='ltr'><strong>Bursianus</strong></span> 
     </span>
     <span class='ocr_line' id='line_1_38' title="bbox 83 3555 1158 3630; baseline -0.003 -18"><span class='ocrx_word' id='word_1_253' title='bbox 83 3559 143 3612; x_wconf 89' lang='lat' dir='ltr'><strong>ioco</strong></span> <span class='ocrx_word' id='word_1_254' title='bbox 161 3575 189 3612; x_wconf 88' lang='lat' dir='ltr'><strong>se</strong></span> <span class='ocrx_word' id='word_1_255' title='bbox 206 3559 294 3628; x_wconf 80' lang='lat' dir='ltr'><strong>lepido</strong></span> <span class='ocrx_word' id='word_1_256' title='bbox 311 3564 366 3611; x_wconf 83' lang='lat' dir='ltr'><strong>iam</strong></span> <span class='ocrx_word' id='word_1_257' title='bbox 385 3560 506 3626; x_wconf 76' lang='lat' dir='ltr'><strong>Scaliger</strong></span> <span class='ocrx_word' id='word_1_258' title='bbox 522 3561 532 3630; x_wconf 95' lang='grc'><strong>11</strong></span> <span class='ocrx_word' id='word_1_259' title='bbox 551 3565 581 3615; x_wconf 88' lang='grc'><strong>10</strong></span> <span class='ocrx_word' id='word_1_260' title='bbox 600 3577 628 3614; x_wconf 87' lang='lat' dir='ltr'><strong>se</strong></span> <span class='ocrx_word' id='word_1_261' title='bbox 646 3561 712 3613; x_wconf 89' lang='lat' dir='ltr'><strong>diuis</strong></span> <span class='ocrx_word' id='word_1_262' title='bbox 733 3562 761 3612; x_wconf 92' lang='lat' dir='ltr'><em>V</em></span> <span class='ocrx_word' id='word_1_263' title='bbox 773 3559 782 3626; x_wconf 94' lang='grc'><strong>11</strong></span> <span class='ocrx_word' id='word_1_264' title='bbox 801 3562 830 3613; x_wconf 92' lang='grc'><strong>11</strong></span> <span class='ocrx_word' id='word_1_265' title='bbox 850 3575 865 3610; x_wconf 90' lang='lat' dir='ltr'><strong>o</strong></span> <span class='ocrx_word' id='word_1_266' title='bbox 884 3573 926 3609; x_wconf 86' lang='lat' dir='ltr'><strong>om</strong></span> <span class='ocrx_word' id='word_1_267' title='bbox 941 3557 977 3608; x_wconf 83' lang='lat'><strong>0*</strong></span> <span class='ocrx_word' id='word_1_268' title='bbox 993 3555 1002 3625; x_wconf 94' lang='grc'><strong>11</strong></span> <span class='ocrx_word' id='word_1_269' title='bbox 1020 3562 1100 3624; x_wconf 87' lang='lat' dir='ltr'><strong>punto</strong></span> <span class='ocrx_word' id='word_1_270' title='bbox 1120 3558 1158 3609; x_wconf 74' lang='lat' dir='ltr'><strong>G*</strong></span> 
     </span>
     <span class='ocr_line' id='line_1_39' title="bbox 81 3623 1158 3696; baseline -0.002 -16"><span class='ocrx_word' id='word_1_271' title='bbox 81 3631 180 3694; x_wconf 80' lang='lat' dir='ltr'><strong>poncio</strong></span> <span class='ocrx_word' id='word_1_272' title='bbox 200 3628 236 3679; x_wconf 79' lang='lat'><strong>0*</strong></span> <span class='ocrx_word' id='word_1_273' title='bbox 252 3625 262 3696; x_wconf 95' lang='grc'><strong>1</strong></span> <span class='ocrx_word' id='word_1_274' title='bbox 282 3630 313 3680; x_wconf 82' lang='lat'><strong>12</strong></span> <span class='ocrx_word' id='word_1_275' title='bbox 332 3628 442 3683; x_wconf 84' lang='lat' dir='ltr'><strong>adultum</strong></span> <span class='ocrx_word' id='word_1_276' title='bbox 456 3630 484 3682; x_wconf 91' lang='lat' dir='ltr'><em>V</em></span> <span class='ocrx_word' id='word_1_277' title='bbox 496 3646 554 3680; x_wconf 71' lang='lat' dir='ltr'><strong>secr</strong></span> <span class='ocrx_word' id='word_1_278' title='bbox 571 3628 603 3682; x_wconf 87' lang='lat' dir='ltr'><strong>al&#39;</strong></span> <span class='ocrx_word' id='word_1_279' title='bbox 620 3628 734 3696; x_wconf 86' lang='lat' dir='ltr'><strong>ydalium</strong></span> <span class='ocrx_word' id='word_1_280' title='bbox 749 3643 771 3692; x_wconf 80' lang='lat' dir='ltr'><em>g</em></span> <span class='ocrx_word' id='word_1_281' title='bbox 789 3627 823 3689; x_wconf 88' lang='lat' dir='ltr'><strong>[id</strong></span> <span class='ocrx_word' id='word_1_282' title='bbox 842 3626 920 3678; x_wconf 89' lang='lat' dir='ltr'><strong>alium</strong></span> <span class='ocrx_word' id='word_1_283' title='bbox 932 3626 1020 3690; x_wconf 77' lang='grc' dir='ltr'><strong><em>ΒΗΛ]</em></strong></span> <span class='ocrx_word' id='word_1_284' title='bbox 1037 3623 1047 3692; x_wconf 90' lang='grc'><strong>1</strong></span> <span class='ocrx_word' id='word_1_285' title='bbox 1065 3626 1158 3679; x_wconf 86' lang='lat' dir='ltr'><strong>utrios·</strong></span> 
     </span>
     <span class='ocr_line' id='line_1_40' title="bbox 85 3693 1159 3764; baseline -0.003 -16"><span class='ocrx_word' id='word_1_286' title='bbox 85 3710 137 3763; x_wconf 88' lang='lat' dir='ltr'><strong>que</strong></span> <span class='ocrx_word' id='word_1_287' title='bbox 150 3695 216 3760; x_wconf 87' lang='lat' dir='ltr'><strong><em>G[D]</em></strong></span> <span class='ocrx_word' id='word_1_288' title='bbox 233 3712 289 3748; x_wconf 76' lang='lat' dir='ltr'><strong>sacr</strong></span> <span class='ocrx_word' id='word_1_289' title='bbox 301 3696 332 3748; x_wconf 89' lang='lat' dir='ltr'><strong>al&#39;</strong></span> <span class='ocrx_word' id='word_1_290' title='bbox 345 3699 496 3764; x_wconf 78' lang='lat' dir='ltr'><strong>vriosqueg</strong></span> <span class='ocrx_word' id='word_1_291' title='bbox 513 3697 523 3764; x_wconf 95' lang='grc'><strong>1</strong></span> <span class='ocrx_word' id='word_1_292' title='bbox 539 3696 666 3763; x_wconf 69' lang='lat' dir='ltr'><strong>Veiosque</strong></span> <span class='ocrx_word' id='word_1_293' title='bbox 684 3699 773 3762; x_wconf 88' lang='lat' dir='ltr'><strong>portus</strong></span> <span class='ocrx_word' id='word_1_294' title='bbox 789 3696 912 3745; x_wconf 67' lang='lat' dir='ltr'><strong>Heinsius</strong></span> <span class='ocrx_word' id='word_1_295' title='bbox 939 3693 1068 3761; x_wconf 87' lang='lat' dir='ltr'><strong>Surosque</strong></span> <span class='ocrx_word' id='word_1_296' title='bbox 1086 3709 1159 3760; x_wconf 88' lang='lat' dir='ltr'><strong>aper·</strong></span> 
     </span>
     <span class='ocr_line' id='line_1_41' title="bbox 85 3761 1157 3834; baseline -0.004 -18"><span class='ocrx_word' id='word_1_297' title='bbox 85 3769 126 3816; x_wconf 84' lang='lat' dir='ltr'><strong>tos</strong></span> <span class='ocrx_word' id='word_1_298' title='bbox 139 3763 249 3816; x_wconf 72' lang='lat' dir='ltr'><strong>Vossius</strong></span> <span class='ocrx_word' id='word_1_299' title='bbox 265 3763 275 3832; x_wconf 94' lang='grc'><strong>11</strong></span> <span class='ocrx_word' id='word_1_300' title='bbox 295 3766 325 3817; x_wconf 89' lang='grc'><strong>13</strong></span> <span class='ocrx_word' id='word_1_301' title='bbox 343 3765 500 3832; x_wconf 80' lang='lat' dir='ltr'><strong>gnidumqne</strong></span> <span class='ocrx_word' id='word_1_302' title='bbox 515 3767 543 3817; x_wconf 91' lang='lat' dir='ltr'><em>V</em></span> <span class='ocrx_word' id='word_1_303' title='bbox 555 3764 565 3834; x_wconf 98' lang='grc'><strong>1</strong></span> <span class='ocrx_word' id='word_1_304' title='bbox 582 3762 760 3815; x_wconf 87' lang='lat' dir='ltr'><strong>arundinosam</strong></span> <span class='ocrx_word' id='word_1_305' title='bbox 775 3763 794 3813; x_wconf 90' lang='lat'><strong><em>0</em></strong></span> <span class='ocrx_word' id='word_1_306' title='bbox 811 3761 821 3830; x_wconf 94' lang='grc'><strong>11</strong></span> <span class='ocrx_word' id='word_1_307' title='bbox 840 3765 871 3814; x_wconf 88' lang='grc'><strong>14</strong></span> <span class='ocrx_word' id='word_1_308' title='bbox 888 3761 987 3830; x_wconf 78' lang='lat' dir='ltr'><strong>Colisqa</strong></span> <span class='ocrx_word' id='word_1_309' title='bbox 1010 3762 1157 3815; x_wconf 81' lang='lat' dir='ltr'><strong>amathunta</strong></span> 
     </span>
     <span class='ocr_line' id='line_1_42' title="bbox 86 3829 1157 3900; baseline -0.003 -17"><span class='ocrx_word' id='word_1_310' title='bbox 86 3832 246 3896; x_wconf 76' lang='lat' dir='ltr'><strong>(amathunta</strong></span> <span class='ocrx_word' id='word_1_311' title='bbox 261 3832 306 3899; x_wconf 81' lang='lat'><strong>0*)</strong></span> <span class='ocrx_word' id='word_1_312' title='bbox 324 3848 403 3900; x_wconf 78' lang='lat' dir='ltr'><strong>queqa</strong></span> <span class='ocrx_word' id='word_1_313' title='bbox 421 3833 505 3900; x_wconf 75' lang='grc'><strong>11101</strong></span> <span class='ocrx_word' id='word_1_314' title='bbox 523 3832 593 3884; x_wconf 90' lang='lat' dir='ltr'><strong>alcos</strong></span> <span class='ocrx_word' id='word_1_315' title='bbox 606 3832 631 3884; x_wconf 95' lang='lat' dir='ltr'><em>V</em></span> <span class='ocrx_word' id='word_1_316' title='bbox 647 3831 656 3898; x_wconf 94' lang='grc'><strong>11</strong></span> <span class='ocrx_word' id='word_1_317' title='bbox 676 3834 705 3884; x_wconf 85' lang='grc'><strong>15</strong></span> <span class='ocrx_word' id='word_1_318' title='bbox 725 3830 871 3883; x_wconf 84' lang='lat' dir='ltr'><strong>durachium</strong></span> <span class='ocrx_word' id='word_1_319' title='bbox 885 3830 913 3882; x_wconf 95' lang='lat' dir='ltr'><em>V</em></span> <span class='ocrx_word' id='word_1_320' title='bbox 925 3829 935 3900; x_wconf 95' lang='grc'><strong>1</strong></span> <span class='ocrx_word' id='word_1_321' title='bbox 955 3833 985 3883; x_wconf 90' lang='grc'><strong>18</strong></span> <span class='ocrx_word' id='word_1_322' title='bbox 1002 3832 1098 3883; x_wconf 85' lang='lat' dir='ltr'><strong>intereo</strong></span> <span class='ocrx_word' id='word_1_323' title='bbox 1120 3829 1157 3880; x_wconf 82' lang='lat'><strong>0*</strong></span> 
     </span>
     <span class='ocr_line' id='line_1_43' title="bbox 85 3897 1156 3968; baseline -0.005 -15"><span class='ocrx_word' id='word_1_324' title='bbox 85 3900 95 3967; x_wconf 92' lang='grc'><strong>1</strong></span> <span class='ocrx_word' id='word_1_325' title='bbox 115 3903 145 3953; x_wconf 89' lang='grc'><strong>19</strong></span> <span class='ocrx_word' id='word_1_326' title='bbox 164 3900 227 3951; x_wconf 87' lang='lat' dir='ltr'><strong>turis</strong></span> <span class='ocrx_word' id='word_1_327' title='bbox 245 3903 272 3952; x_wconf 89' lang='lat' dir='ltr'><strong>et</strong></span> <span class='ocrx_word' id='word_1_328' title='bbox 288 3899 461 3953; x_wconf 85' lang='lat' dir='ltr'><strong>inficeciarum</strong></span> <span class='ocrx_word' id='word_1_329' title='bbox 480 3900 509 3952; x_wconf 96' lang='lat' dir='ltr'><em>V</em></span> <span class='ocrx_word' id='word_1_330' title='bbox 520 3899 580 3968; x_wconf 84' lang='grc'><strong>1120</strong></span> <span class='ocrx_word' id='word_1_331' title='bbox 599 3897 841 3963; x_wconf 76' lang='grc'><strong>11111111111111</strong></span> <span class='ocrx_word' id='word_1_332' title='bbox 861 3898 892 3963; x_wconf 78' lang='lat' dir='ltr'><strong>G)</strong></span> <span class='ocrx_word' id='word_1_333' title='bbox 909 3914 957 3951; x_wconf 88' lang='lat' dir='ltr'><strong>suo</strong></span> <span class='ocrx_word' id='word_1_334' title='bbox 974 3899 1024 3952; x_wconf 92' lang='lat' dir='ltr'><strong>lusi</strong></span> <span class='ocrx_word' id='word_1_335' title='bbox 1041 3899 1116 3964; x_wconf 88' lang='lat' dir='ltr'><strong>(lusic</strong></span> <span class='ocrx_word' id='word_1_336' title='bbox 1136 3897 1156 3948; x_wconf 90' lang='lat'><strong><em>0</em></strong></span> 
     </span>
     <span class='ocr_line' id='line_1_44' title="bbox 81 3966 1157 4034; baseline -0.002 -17"><span class='ocrx_word' id='word_1_337' title='bbox 81 3971 170 4034; x_wconf 76' lang='lat' dir='ltr'><strong>priua,</strong></span> <span class='ocrx_word' id='word_1_338' title='bbox 185 3973 278 4033; x_wconf 79' lang='lat' dir='ltr'><strong>postea</strong></span> <span class='ocrx_word' id='word_1_339' title='bbox 296 3969 357 4020; x_wconf 82' lang='lat' dir='ltr'><strong>inde</strong></span> <span class='ocrx_word' id='word_1_340' title='bbox 374 3969 440 4021; x_wconf 87' lang='lat' dir='ltr'><strong>lusi:</strong></span> <span class='ocrx_word' id='word_1_341' title='bbox 458 3969 583 4021; x_wconf 65' lang='lat' dir='ltr'><strong>autumat</strong></span> <span class='ocrx_word' id='word_1_342' title='bbox 597 3970 674 4033; x_wconf 77' lang='lat' dir='ltr'><strong>prim</strong></span> <span class='ocrx_word' id='word_1_343' title='bbox 692 3967 830 4020; x_wconf 85' lang='lat' dir='ltr'><strong>lusicacata</strong></span> <span class='ocrx_word' id='word_1_344' title='bbox 849 3970 878 4018; x_wconf 83' lang='lat' dir='ltr'><strong>in</strong></span> <span class='ocrx_word' id='word_1_345' title='bbox 895 3983 979 4019; x_wconf 82' lang='lat' dir='ltr'><strong>unum</strong></span> <span class='ocrx_word' id='word_1_346' title='bbox 996 3966 1157 4025; x_wconf 77' lang='lat' dir='ltr'><strong>uocabulum</strong></span> 
     </span>
     <span class='ocr_line' id='line_1_45' title="bbox 84 4036 302 4103; baseline 0.005 -16"><span class='ocrx_word' id='word_1_347' title='bbox 84 4038 255 4103; x_wconf 80' lang='lat' dir='ltr'><strong>coniungere)</strong></span> <span class='ocrx_word' id='word_1_348' title='bbox 274 4036 302 4088; x_wconf 98' lang='lat' dir='ltr'><em>V</em></span> 
     </span>
    </p>
   </div>
   <div class='ocr_carea' id='block_1_5' title="bbox 0 0 1374 4672">
    <p class='ocr_par' dir='ltr' id='par_1_7' title="bbox 0 0 1374 4672">
     <span class='ocr_line' id='line_1_46' title="bbox 0 0 1374 4672; baseline 0 0"><span class='ocrx_word' id='word_1_349' title='bbox 0 0 1374 4672; x_wconf 95' lang='lat' dir='ltr'><strong> </strong></span> 
     </span>
    </p>
   </div>
  </div>
 </body>
</html>
