2738 4672
311 717 532 795 OATVLLI
567 715 888 794 VERONENSIS

540 871 661 932 iruna.

64 1038 84 1107 l
193 1039 268 1126 Quoi
291 1042 369 1103 dono
392 1041 521 1121 lepidum
545 1059 657 1102 nouum
680 1040 809 1101 libellum

193 1126 282 1186 Arido
304 1127 390 1188 modo
413 1127 535 1211 pumice
553 1123 735 1206 expolitum?

151 1294 295 1360 lnemiptlo
315 1294 377 1344 libri
395 1297 421 1344 et
437 1295 565 1344 cuminis
582 1294 611 1346 1:
631 1292 723 1344 Catulli
737 1291 890 1344 Veronensis
908 1291 972 1344 liber
987 1291 1085 1358 Incipit.
1105 1293 1138 1345 ad

64 1360 210 1412 Cornelium
228 1363 319 1427 (uerba
337 1361 369 1413 ad
387 1361 531 1414 Cornelium
549 1362 603 1412 edd
615 1363 644 1426 g)
660 1360 681 1412 G
699 1361 751 1413 litt.
764 1363 838 1410 rubr.
857 1359 971 1412 Catullus
983 1359 1138 1414 Veronensis

66 1433 144 1495 poeta
161 1445 256 1480 munus
273 1431 408 1482 recentior
427 1430 523 1481 litteris
540 1432 630 1494 nigris
648 1434 675 1479 et
691 1431 838 1479 minoribus
855 1431 886 1479 in
902 1444 1003 1480 summo
1016 1432 1139 1494 margine

66 1498 211 1563 adscripsit
227 1498 290 1549 tnO
309 1497 411 1565 [Catulli
423 1498 579 1550 Veronensis
597 1503 690 1564 poetae
709 1497 772 1549 liber
789 1495 878 1562 incipit
890 1497 938 1547 AL
956 1497 1048 1548 Catulli
1061 1497 1140 1549 Vero·

66 1565 152 1617 nensis
170 1565 235 1617 liber
259 1566 349 1633 incipit
367 1565 397 1616 ad
408 1567 561 1618 ‘Cornelium
573 1567 597 1616 B
614 1565 706 1617 Catulli
727 1564 879 1632 Veronensis
898 1564 929 1615 ad
948 1565 1092 1617 Cornelium
1110 1565 1139 1615 A

64 1633 160 1684 Catulli
178 1635 327 1686 neronensis
345 1636 437 1700 poetae
454 1634 561 1685 illustris
580 1634 669 1700 incipit
682 1633 791 1684 feliciter
808 1632 841 1683 ad
853 1632 991 1683 cornelium
1004 1634 1033 1682 H
1047 1632 1139 1684 Catulli

67 1699 222 1753 Veronensis
238 1706 313 1768 poete
325 1701 431 1753 illustris
443 1700 482 1752 rid
500 1701 639 1752 cornelium
656 1700 722 1751 liber
733 1700 823 1765 incipit
835 1701 858 1749 P
872 1698 901 1758 Q.
915 1699 998 1751 Catuli
1013 1699 1140 1752 Veronen-

64 1769 104 1820 sis
121 1769 187 1820 liber
204 1769 293 1836 incipit
311 1769 342 1819 ad
360 1768 505 1820 Cornelium
523 1769 533 1818 l
550 1768 575 1817 D
601 1765 629 1825 Q.
651 1766 733 1818 Valeri
752 1766 844 1817 Catulli
863 1782 996 1819 neronens.
1016 1766 1048 1818 ad
1066 1769 1140 1820 Corn.

66 1835 194 1903 Nepotem
207 1835 270 1887 liber
284 1834 381 1886 carmi
395 1835 426 1897 C]
443 1836 453 1903 ΙΙ
472 1839 483 1887 1
498 1828 552 1887 ‘Cui
564 1863 594 1872 —-
605 1828 731 1886 libellum'
747 1833 901 1885 Veronensis
919 1835 955 1885 ait
970 1839 1045 1899 poeta
1059 1851 1141 1902 quon-

66 1904 126 1955 dam
138 1904 275 1954 Ausonius
286 1904 354 1968 ΞΜ
372 1919 398 1969 p.
408 1904 456 1955 iao
467 1903 536 1966 Solu,
553 1902 617 1954 illud
635 1902 798 1953 catullianum
815 1897 871 1952 ‘Cui
881 1931 914 1938 —
925 1897 1051 1955 libellum’
1072 1904 1141 1954 idem

64 1971 132 2036 26st
145 1988 171 2037 p.
182 1971 230 2023 127
246 1972 255 2038 V
274 1975 296 2023 1.
310 1973 325 2022 2
338 1970 483 2023 circumcidi
501 1970 581 2022 libros
593 1968 695 2022 Siciliae
708 1970 816 2038 primum
829 1970 961 2022 increbuit.
988 1986 1046 2022 nam
1058 1972 1139 2039 primo

66 2039 271 2105 pumicabantur.
307 2038 374 2091 uude
397 2041 423 2091 et
446 2038 559 2091 Catullus
582 2039 618 2090 ait
634 2033 690 2090 ‘Cui
708 2067 741 2074 —
759 2033 910 2104 expolitum'
930 2038 1049 2090 Indorua
1070 2042 1141 2105 orig.

63 2111 90 2172 6,
101 2107 143 2173 tt,
152 2110 178 2162 5.
206 2105 285 2159 Siculi
299 2107 378 2159 libros
394 2107 467 2172 primi
481 2105 659 2158 circumcidere
672 2110 819 2172 coeperunt,
836 2122 894 2158 cum
907 2109 967 2158 ante
984 2108 1142 2174 pumicaren-

68 2180 118 2239 tur,
136 2175 168 2227 de
186 2191 237 2241 qno
253 2175 366 2227 Catullus
383 2169 441 2234 ‘uui
460 2174 526 2226 dono
545 2176 561 2225 l.
581 2190 605 2226 u.
622 2175 638 2227 l.
657 2174 738 2226 arride
757 2177 804 2237 [sic
817 2175 855 2227 ed.
871 2175 951 2227 Vm:
969 2175 1038 2227 arida
1057 2177 1141 2228 eodan

69 2248 118 2294 uui
135 2245 302 2308 Postreugici
319 2246 403 2309 ipsius
421 2248 471 2293 out
486 2246 512 2293 ei
529 2244 648 2308 aequalis
666 2247 784 2306 uertatur,
803 2240 837 2302 ef.
851 2243 1010 2294 Bnebrensii
1026 2245 1066 2296 ed.
1086 2244 1142 2297 Col.

9 2318 11 2323 ’
65 2327 94 2376 p.
105 2315 165 2375 arr]
191 2311 268 2363 modo
286 2311 397 2362 Punicae
417 2313 465 2373 [sie
482 2312 522 2364 ed.
538 2317 649 2362 uenela:
668 2312 768 2378 pumice
792 2311 849 2362 cod.
867 2313 1044 2377 Puelrengici]
1064 2327 1143 2378 expo·

70 2375 154 2430 litum’
180 2379 248 2432 ldem
271 2381 314 2443 (=
336 2380 465 2444 Isidorus)
492 2379 586 2431 Guilel.
610 2381 688 2430 Poetr
741 2382 798 2429 icus
821 2380 852 2428 eie
874 2381 1026 2443 originibus
1052 2396 1143 2431 rerum

65 2463 95 2512 p.
113 2445 158 2497 88⁶
175 2445 185 2515 ΙΙ
205 2451 240 2512 (1)
254 2449 276 2499 2.
290 2449 344 2501 3.4
361 2448 402 2498 uel
421 2448 569 2499 nerouensis
587 2447 701 2499 Catullus
728 2447 879 2512 ..(primus
896 2463 989 2498 uersus
1005 2451 1036 2498 in
1054 2449 1143 2498 codiee

70 2518 183 2566 omissus
199 2519 247 2580 est)
266 2514 342 2567 brido
353 2507 488 2581 -nngas'
507 2516 588 2567 ecbol.
606 2531 745 2566 ueronms.
762 2517 792 2565 in
808 2514 889 2578 Verg.
905 2514 1019 2580 eulogi,
1032 2516 1055 2577 t,
1070 2517 1143 2581 pm

70 2582 150 2634 Keilii
166 2583 176 2651 t}
195 2587 216 2634 i.
227 2586 277 2636 nl
294 2582 424 2666 Exemplis
436 2584 533 2636 tribus.
544 2621 550 2635 .
560 2621 577 2648 .‚
594 2583 667 2634 llocli
683 2583 794 2634 carmine
808 2596 874 2647 quac
886 2581 1070 2646 legisCatulli:
1088 2577 1143 2634 ‘Cui

67 2650 190 2702 dono-
208 2647 359 2717 expolitum'
388 2649 458 2704 Meas
476 2681 509 2689 -
527 2649 619 2717 nugas’
643 2651 745 2701 Terent.
764 2649 852 2700 Maur.
864 2650 940 2701 2560.
976 2650 1143 2703 Catullus...

65 2713 126 2771 ‘Cui
145 2748 176 2756 -
195 2714 347 2786 expolitum'
371 2714 451 2771 ‘Meas
468 2748 502 2757 -
521 2714 613 2784 nugas’
639 2718 707 2770 Mar.
728 2719 859 2770 Victoria.
880 2734 906 2783 p.
926 2718 980 2780 ltu,
998 2717 1116 2772 uomit.
1134 2719 1144 2788 ΙΙ

71 2790 95 2839 2.
106 2790 130 2838 4.
142 2790 154 2840 i
167 2788 191 2850 (a
211 2788 244 2838 nd
258 2786 395 2852 Catullum)
406 2788 527 2852 singulos
541 2787 611 2838 Caes.
623 2787 697 2838 ans.
709 2802 736 2851 p.
745 2786 793 2838 261
807 2788 910 2838 citauit.
922 2786 988 2838 Aul.
998 2787 1143 2840 Fortunat.

67 2856 130 2920 298,
146 2803 219 2907 alb.
237 2857 302 2907 boec
320 2857 399 2906 iubet
420 2856 479 2907 talis
501 2858 540 2906 est
565 2869 622 2919 pars
647 2868 678 2904 ex
701 2853 839 2905 catulliano
863 2853 1079 2924 hendecasyllabo
1102 2856 1146 2908 de·

71 2927 152 2974 traete
177 2924 259 2989 priore
283 2929 355 2991 parte
376 2919 486 2989 ‘pumice
505 2914 658 2988 expolitum’
682 2924 690 2987 lt
712 2924 866 2988 treepeuit
882 2924 986 2974 Plinius
1009 2928 1066 2976 nul.
1084 2926 1143 2976 list.

67 2993 113 3054 36,
132 2990 179 3042 lea
197 2991 242 3042 sed
260 2991 277 3042 ii
296 2993 410 3058 pumices
432 2991 554 3056 quisunt
577 2989 603 3039 in
622 3004 669 3040 usu
694 3005 828 3057 corporum
850 2990 1015 3043 leuandorum
1034 2991 1144 3058 leminis,

70 3056 386 3192 irritamen
399 3056 1145 3180 elirulitr‘trasinstituente

71 3162 175 3260 putarb'
196 3194 243 3258 (eie
255 3166 401 3260 Houp’tiue:
419 3208 476 3246 esse
489 3141 584 3260 aliqrblid
602 3208 672 3245 meas
690 3200 778 3262 putare
797 3143 877 3262 mpgas
890 3197 934 3246 uel
949 3144 1037 3261 prebe
1049 3194 1146 3261 aliquid

73 3276 130 3313 esse
149 3275 219 3312 meas
238 3264 411 3327 nugas-libri),
430 3266 458 3313 ut
476 3262 558 3313 obiter
576 3262 704 3315 emolliam
714 3265 764 3328 (cic
777 3265 864 3316 Herm.
873 3265 1026 3314 barbarus:
1044 3263 1146 3315 obicere

72 3329 187 3380 molliam
206 3328 286 3392 libri),
305 3329 429 3382 Catullum
447 3336 639 3382 conterraneum
658 3347 741 3383 meum
752 3371 758 3386 .
769 3370 776 3384 .
786 3352 806 3384 .:
825 3331 869 3383 ille
881 3332 982 3383 enim..
997 3331 1146 3395 permutetis

74 3397 201 3462 prioribus
225 3396 333 3466 syllabis
355 3397 526 3450 duriusculum
552 3414 580 3451 se
598 3398 660 3451 iecit
682 3401 786 3451 Plinius
805 3398 894 3465 praes.
916 3402 973 3448 nat.
991 3398 1052 3450 bist.
1071 3400 1086 3464 ς
1105 3400 1118 3450 t
1136 3399 1146 3468 ΙΙ

74 3469 91 3517 4
109 3465 175 3518 solet
193 3466 269 3529 enim,
287 3471 316 3518 ut
328 3465 419 3517 Catulli
434 3465 587 3519 Veronensis
600 3468 680 3519 uerbo
693 3473 756 3531 utar,
773 3465 853 3519 ‘meas
872 3481 928 3518 esse
941 3465 1039 3531 aliquid
1056 3471 1145 3534 putare

74 3527 165 3599 nngas'
186 3535 313 3585 Petrarcu
333 3535 457 3585 senilium
475 3535 541 3599 tit
557 3552 582 3602 p.
592 3538 641 3587 978
657 3537 667 3602 tt
684 3539 750 3589 5-r
770 3534 879 3586 Benaius
897 3533 1077 3599 longobardus
1093 3574 1099 3587 .
1116 3572 1145 3588 ..

76 3602 222 3653 cunctarum
240 3603 363 3668 gentium,
382 3604 520 3666 nationum,
539 3618 626 3668 regum
640 3602 843 3670 populorumque
855 3603 967 3654 omnium
980 3603 1056 3655 simul
1074 3608 1145 3669 gesta

73 3669 213 3734 contexuit,
232 3684 296 3736 opus
315 3671 417 3737 grande,
436 3671 557 3722 uolumen
574 3672 738 3734 immensum,
760 3669 829 3736 quud
846 3669 872 3720 in
891 3673 942 3722 tres
960 3669 1089 3724 dimensus
1106 3676 1146 3723 est

75 3742 168 3802 partes,
186 3744 215 3789 ut
233 3738 265 3790 de
282 3739 327 3790 illo
346 3739 395 3791 dici
414 3739 496 3806 possit
511 3737 579 3806 qnod
596 3738 685 3789 scribit
701 3737 850 3790 neronensis
863 3744 938 3803 poeta
956 3739 1043 3791 dicens
1059 3732 1146 3792 ‘ausus

73 3804 177 3870 quidem
196 3821 260 3859 uuus
271 3806 390 3859 italorum
404 3806 483 3858 Omne
501 3821 592 3858 aeuum
610 3806 692 3858 tribus
710 3806 836 3872 explicare
853 3807 947 3859 chartis
958 3807 998 3870 (·i·
1012 3806 1147 3859 uolumini-

77 3871 143 3936 bus),
161 3872 262 3940 iupiter,
279 3875 360 3927 doctis
375 3881 401 3927 et
413 3871 558 3926 laboriosis'
576 3873 644 3925 Guil
654 3875 1054 3940 Postreugtcuedeeriginmeb.
1064 3891 1092 3941 p.
1102 3876 1146 3927 tir

162 3944 174 3994 1
194 3941 259 4001 Quoi
284 3961 320 3995 m:
346 3943 394 4004 oui
419 3943 446 3994 V
466 3944 655 4007 Puetreugicus
678 3943 724 3994 Cui
748 3959 770 3993 m
793 3947 822 3992 et
841 3947 984 4010 scriptores
1007 3946 1054 4008 qui
1077 3946 1146 3994 iuno

75 4021 183 4059 uersum
207 4013 293 4062 attunt
313 4017 414 4062 aleier-ee
436 4008 446 4076 ss
469 4009 580 4061 inrito
601 4011 628 4062 V
640 4015 666 4061 et
682 4014 825 4146 scriptores
847 4016 948 4062 ueteres
972 4015 1019 4076 qui
1038 4026 1147 4061 uersum

134 4090 232 4135 Catullus
672 4072 729 4151 surr
761 4100 842 4194 ῚΗΙᾞ
860 4122 875 4171 *a
929 4099 940 4148 l
