2738 4672
511 311 549 371 l'l,
570 309 677 372 tedet,
697 309 725 360 11

208 481 269 543 Nec
290 500 321 542 sc
342 479 478 542 subleuat
500 498 536 559 eu
557 497 607 540 sua
630 487 722 556 parte,
745 477 796 540 sed
819 477 900 538 uclut
923 475 1006 535 alnus

208 568 241 628 ln
265 561 343 628 fessa
364 565 451 644 liguri
475 565 550 625 iacet
571 571 746 643 suppernata
769 563 875 637 securi,

157 663 185 714 21
207 652 394 713 Tantundem
418 650 515 711 emnia
538 648 670 710 sentiens
696 666 784 727 quam
812 649 836 709 si
859 646 940 708 nulla
961 645 999 706 sit
1020 662 1154 724 usquam,

209 736 286 798 Talis
308 736 363 798 iste
386 754 468 796 meus
490 742 594 814 stupor
616 733 659 794 nil
680 733 769 808 uidet,
793 732 866 793 nihil
887 730 976 804 audit,

208 823 275 902 lpse
298 821 348 900 qui
370 820 416 896 sit,
439 828 539 881 utrum
561 819 598 880 sit
620 838 656 879 an
680 837 741 879 neu
765 817 812 890 sit,
837 816 866 878 id
888 834 1007 896 queque
1029 814 1134 876 nescit.

208 908 294 969 Nunc
316 924 380 968 eum
402 905 471 966 uelo
494 905 530 965 de
552 912 604 964 tue
626 911 718 984 pente
741 904 857 964 mittere
879 919 1018 982 pronum,

210 993 239 1054 si
262 1000 331 1071 pete
353 991 491 1053 stolidum
514 998 638 1069 repente
661 989 785 1050 excitare
808 996 963 1049 ueternum

158 1089 185 1139 25
208 1077 245 1139 Et
267 1077 406 1157 supinum
428 1077 561 1137 animum
583 1075 613 1136 in
637 1074 720 1154 graui
743 1073 948 1152 derelinquere
972 1088 1073 1144 caeno,

209 1163 346 1223 Ferream
368 1170 402 1222 ut
424 1161 533 1223 soleam
556 1161 653 1221 tenaci
675 1160 704 1219 in
728 1158 871 1238 uoragine
894 1157 981 1218 mula.

80 1448 122 1519 21
210 1448 324 1524 Aureli,
348 1459 433 1530 pater
455 1450 659 1522 esuritinnum,

208 1536 275 1598 Neu
298 1537 401 1597 harum
423 1535 522 1609 mede,
546 1536 595 1596 sed
619 1542 692 1613 quet
714 1542 763 1595 aut
785 1535 909 1596 fuerunt

209 1623 267 1682 Aut
290 1629 360 1683 sunt
382 1630 431 1682 aut
453 1620 516 1682 aliis
540 1629 627 1681 erunt
649 1620 678 1679 iu
704 1619 799 1692 annis,

210 1706 350 1767 Pedicare
373 1705 457 1784 cupis
479 1724 561 1766 mens
583 1722 706 1764 amores.

174 1792 271 1852 5Ncc
293 1791 381 1851 clam:
407 1808 474 1849 nam
497 1788 583 1850 simul
606 1807 644 1862 cs,
667 1786 772 1848 iocaris
794 1806 863 1861 una,

210 1874 343 1935 Haerens
366 1874 399 1934 ad
423 1874 498 1934 latus
521 1873 619 1932 emnia
643 1871 795 1951 experiris.
956 1946 959 1951 ι

210 1959 345 2021 Frustra:
369 1976 436 2018 nam
460 1957 579 2019 insidias
600 1956 671 2017 mihi
693 1956 892 2018 instruentem

210 2045 341 2123 Tangam
365 2052 393 2104 te
414 2042 497 2123 prior
518 2042 720 2104 irrumatiene.

210 2131 306 2208 Atque
329 2128 358 2190 id
379 2129 402 2190 si
425 2129 537 2189 laceres
559 2136 649 2201 satur,
672 2135 817 2188 tacerem:

160 2223 187 2276 te
209 2215 296 2276 Nunc
318 2214 413 2294 ipsunt
437 2214 465 2274 id
488 2213 584 2284 dolen,
607 2214 685 2291 quod
708 2212 819 2273 esurire

208 2299 281 2379 †Me
304 2317 350 2360 nte
372 2318 448 2379 puer
470 2308 499 2358 et
520 2299 601 2360 sitire
623 2298 723 2358 discet.

169 2502 200 2553 18
218 2498 271 2551 Nec
289 2514 330 2552 me
351 2498 405 2567 Vll
351 2499 502 2551 Valuue
522 2499 542 2549 0
562 2497 571 2565 ll
598 2502 627 2552 19
646 2502 763 2566 superata
788 2497 819 2549 V.
854 2497 951 2547 Fertne
967 2497 1060 2550 205111
1080 2497 1156 2565 (Sap)

81 2569 180 2635 pernati
193 2568 327 2633 dicutntnr
343 2569 438 2632 paiens
450 2565 556 2630 femalna
576 2571 635 2618 sunt
647 2567 745 2619 succisa
764 2567 803 2630 (in
814 2565 922 2615 medam
933 2565 1081 2629 saillalrum
1100 2582 1158 2633 per·

81 2639 190 2701 natutae)
210 2673 285 2688 .....
304 2635 429 2700 (latudine
447 2635 483 2686 ad
496 2634 633 2686 Catoniana
650 2630 701 2695 In)
719 2633 788 2685 sessa
808 2632 881 2698 ligari
899 2632 976 2696 intent
991 2639 1157 2699 suppernata

80 2705 181 2769 selcuri
218 2703 253 2764 cf.
272 2704 371 2755 Paulas
388 2701 567 2755 noanneane
583 2700 593 2769 ll
612 2704 642 2754 21
663 2716 747 2753 merus
765 2705 856 2766 stupor
868 2700 1033 2751 Passeratius
1050 2700 1065 2790 Ι
1078 2701 1157 2753 nichil

81 2772 153 2824 uidet
171 2771 247 2824 nichil
259 2771 288 2823 V
299 2770 307 2836 Ι)
326 2774 358 2824 22
377 2772 420 2837 qui
441 2771 477 2823 V:
496 2786 558 2820 cerr
575 2773 604 2820 in
623 2769 712 2835 quidg
728 2767 738 2835 d
757 2770 789 2820 23
809 2768 882 2819 Nunc
900 2783 956 2820 cum
969 2768 1065 2821 nele'
1083 2768 1157 2822 Nunc

82 2840 143 2893 uelo
161 2840 222 2892 uolo
244 2840 279 2890 0*
297 2839 368 2891 Hnnc
386 2853 470 2890 meum
488 2837 676 2889 Vreelalichina
691 2840 700 2903 Ι)
722 2839 755 2889 tt
773 2834 800 2888 Si
820 2840 905 2902 petest
923 2835 973 2888 olid
977 2852 1018 2889 um
1036 2837 1065 2889 V
1078 2837 1088 2906 ΙΙ
1105 2838 1158 2889 exi-

82 2913 136 2960 tere
156 2908 184 2959 V
198 2907 207 2976 Ι)
225 2910 256 2960 25
276 2906 451 2974 derelinquere
471 2905 518 2956 0⁴⁸:
538 2904 685 2971 delinquere
705 2904 751 2971 (ι’)
769 2904 847 2956 mulla
868 2903 889 2955 G

167 2973 202 3028 at
221 2975 319 3027 Contra
338 2976 468 3026 librarum
486 2974 673 3024 auctae-itatem
691 2973 805 3024 editores
823 2971 884 3023 etim
900 2977 996 3040 peste.
1006 2973 1066 3025 47·
1054 2990 1157 3026 amera-

82 3040 1158 3176 tt‘tttttthtttttdettttttltttttttttltttttt.lt?

83 3180 185 3228 minant
203 3178 336 3229 mineram
360 3193 429 3243 qaae
449 3178 577 3228 dieantm·
593 3178 808 3242 nergilianeram
834 3179 936 3230 tradita
959 3176 1005 3244 (es.
1023 3178 1159 3230 lliddeeltii

83 3245 257 3312 appendicem
281 3246 378 3311 uergit.
392 3262 420 3312 p.
439 3246 491 3298 tt7.
527 3245 683 3296 Baetae-enati
699 3249 727 3300 P.
746 3247 776 3299 L.
795 3245 830 3298 M.
847 3249 875 3311 2,
891 3263 916 3312 p.
935 3247 993 3311 129)
1015 3245 1086 3299 llunc
1109 3259 1158 3311 ege

82 3315 191 3368 iuuenes
210 3312 296 3365 lecum
314 3314 414 3377 ete.(=
425 3314 496 3377 ete)
514 3319 540 3364 et
556 3312 610 3380 Ege
628 3314 699 3379 haec,
717 3330 766 3381 ege
785 3320 839 3366 arte
858 3313 979 3366 fabricata
997 3313 1091 3366 rustica
1111 3319 1158 3367 ete.

83 3383 128 3448 (=
148 3397 168 3433 a.
186 3382 240 3445 20).
276 3382 371 3446 quidne
387 3383 494 3432 insertis
511 3387 616 3433 nument
634 3385 783 3434 carminum
803 3383 901 3434 Camila·
918 3383 1020 3432 tardati
1035 3385 1158 3434 eant.—

83 3449 158 3503 efll
178 3465 235 3502 aa.
254 3448 285 3500 17
302 3451 446 3501 interstitia
470 3456 624 3516 separatam
648 3457 685 3502 eet
703 3451 742 3502 V:
764 3452 878 3502 inseruit
899 3448 938 3500 Ad
960 3446 1090 3501 Aurelium
1111 3449 1160 3570 31)

87 3523 97 3572 1
119 3516 149 3582 [Ο
158 3517 213 3598 qui
231 3517 359 3583 pessimus
377 3532 406 3570 es
423 3518 482 3570 mali
501 3518 606 3582 sedalis]
622 3519 708 3572 Aureli
725 3518 904 3584 Weetplaaliae
920 3517 929 3582 ))
947 3517 1119 3570 exuricionum

83 3585 266 3638 essuritinnum
286 3585 418 3650 Bergkiae
436 3585 446 3650 ΙΙ
467 3588 481 3639 3
500 3588 552 3639 Aut
569 3587 676 3654 posthac
694 3586 752 3637 aliis
771 3586 892 3637 Haedina
909 3583 918 3652 Ι)
935 3587 951 3636 4
968 3583 1089 3639 Dedicare
1110 3587 1139 3639 V
1150 3587 1159 3653 ll

84 3659 99 3708 5
119 3668 177 3705 nam
197 3669 239 3705 nna
258 3653 304 3719 G*,
322 3652 438 3724 addgll
463 3655 586 3707 exlecerie
607 3655 635 3706 V
651 3651 661 3721 l
683 3653 810 3706 dhaeres
829 3651 967 3720 Vneaiael
990 3655 1118 3734 experibis
1138 3654 1158 3705 0

82 3721 436 3870 1122121212
444 3720 496 3855 dd
506 3720 883 3857 2212221222222
894 3721 1164 3856 22222222

82 3857 132 3909 rire
144 3856 303 3926 Bergidae!
293 3856 353 3926 111
372 3790 454 3910 221118(
462 3793 559 3925 adp)
547 3861 619 3909 atina
630 3789 702 3910 hleus
721 3859 780 3922 mei)
800 3856 931 3924 Meleager
942 3858 977 3910 lli
997 3873 1069 3912 meus
1081 3858 1158 3910 Aesa-

83 3926 192 3976 deale'ne
212 3924 263 3977 Vae
281 3940 354 3978 meus
366 3926 489 3977 Faernus
506 3926 546 3977 Ah
564 3940 604 3977 me
622 3939 662 3977 nte
679 3926 803 4007 Scatign·
819 3925 921 3979 leiunns
932 3927 1084 3979 Haeeltlcins
1096 3925 1157 3978 hlel·

83 3993 346 4115 ἓωῗῃὲαηάίω
310 3994 336 4056 A
348 3998 435 4064 tentet
450 3993 640 4047 Faeetta'eltina
656 3994 678 4046 A
697 3998 722 4047 te
746 3994 797 4046 mei
814 3994 911 4048 Manae
936 3994 1062 4048 Meusmet
1084 3994 1158 4047 Cera·

103 4076 117 4109 e
189 4078 204 4114 e
