2714 4650
643 300 685 361 99,
704 298 813 362 8-101,
831 297 846 349 3

381 469 526 531 Abstersti
548 468 638 549 guttis
660 467 799 530 omnibus
821 466 960 540 articulis,

338 556 380 617 Ne
402 555 561 634 quicquam
584 563 687 615 nostro
710 561 896 615 contractum
918 570 954 613 ex
976 571 1028 613 ore
1054 559 1197 624 maneret,

289 653 319 704 to
383 640 545 718 Tamquam
567 639 740 700 commictae
762 656 871 718 spurca
893 638 984 699 saliua
1005 637 1102 716 lupae.

340 727 497 787 Praeterea
519 725 626 787 infesto
649 724 790 786 miserum
811 742 858 784 me
879 722 996 784 tradere
1018 721 1121 783 Amori

382 811 449 872 Non
472 809 593 872 cessasti
615 809 756 887 omnique
779 808 949 870 excruciare
971 807 1068 880 modo,

341 896 379 958 Vt
399 899 444 957 mi
465 913 501 956 cx
522 895 670 956 ambrosio
692 903 838 956 mutatum
859 894 917 954 iam
939 894 1017 954 soret
1037 892 1108 953 illud

383 981 533 1042 Sauiolum
555 980 634 1041 tristi
655 979 768 1040 tristius
790 977 931 1040 elleboro.

291 1076 319 1128 15
340 1066 435 1138 Quam
457 1066 598 1145 quoniam
618 1083 747 1145 poenam
768 1063 876 1124 misero
897 1061 1042 1144 proponis
1062 1062 1166 1135 amori,

382 1151 547 1230 Numquam
569 1151 627 1211 iam
649 1150 771 1229 posthac
792 1147 872 1210 basia
893 1148 1059 1228 surripiam.

214 1385 278 1456 lilii
343 1383 461 1453 Caelius
483 1386 653 1447 Aufilenum
675 1394 704 1448 et
726 1385 866 1457 Quintius
887 1385 1051 1447 Aufilenam

384 1472 453 1533 Flos
474 1489 677 1532 ueroueusum
699 1471 865 1550 depereunt
885 1471 1038 1544 iuuenum,

343 1557 400 1619 llic
421 1557 552 1630 fratrem,
574 1555 622 1617 ille
644 1574 788 1617 sororem.
823 1557 881 1618 hoc
896 1564 951 1630 cst,
973 1555 1053 1634 quod
1075 1554 1192 1628 dicitur,
1214 1552 1284 1614 illud

386 1642 563 1704 Fraternum
586 1659 659 1702 uere
680 1641 766 1703 dulce
788 1641 969 1703 sodalicium.

306 1739 321 1789 5
343 1727 396 1789 Cui
418 1728 532 1789 laueam
554 1724 675 1806 potius?
709 1726 796 1800 Caeli,
819 1726 887 1788 tibi:
910 1744 979 1786 nam
1000 1734 1051 1786 tua
1073 1723 1160 1785 nobis

386 1813 443 1874 Per
464 1813 542 1874 locta
564 1811 667 1873 exibita
688 1821 733 1873 est
754 1811 842 1872 unica
864 1811 999 1886 amicitia,

345 1897 418 1960 Cum
439 1915 548 1958 uesana
570 1915 649 1958 meas
669 1905 797 1958 torreret
819 1897 934 1957 llamma
955 1895 1107 1957 medullas.

387 1982 434 2045 Sis
454 1982 533 2058 felix,
557 1980 646 2056 (laeli,
667 1982 707 2044 sis
728 1982 759 2043 in
782 2000 882 2044 amore
903 1990 1020 2062 potens.

219 2232 281 2303 101
345 2230 456 2298 Multas
477 2253 532 2314 per
553 2243 657 2314 gentes
679 2244 709 2297 et
731 2235 823 2297 multa
844 2255 899 2315 per
920 2253 1049 2314 aequora
1069 2243 1175 2296 uectus

389 2320 525 2381 Aduenio
547 2321 601 2382 has
622 2320 753 2396 miseras,
776 2322 875 2396 irater,
898 2322 933 2382 ad
955 2320 1084 2395 inferias,

347 2405 384 2466 Vt
405 2413 435 2466 te
456 2413 607 2485 postremo
629 2406 772 2467 donarem
793 2424 918 2468 munere
940 2405 1045 2467 mortis

221 2525 423 2535 ——-

306 2574 321 2626 8
347 2571 475 2625 Abstersti
502 2572 583 2638 guttis
609 2572 701 2623 aldina
724 2589 750 2624 α.
772 2573 854 2625 4502:
883 2571 969 2625 Guttis
995 2573 1116 2626 abstersti
1140 2571 1177 2623 0*
1205 2569 1288 2623 Guttis

108 2624 110 2629 ’
220 2640 311 2693 astensi
331 2640 353 2692 c
371 2641 410 2703 [A
427 2640 511 2694 naua.
522 2642 568 2704 aa,
581 2641 623 2706 aa,
641 2640 725 2693 cattas
744 2641 934 2693 abstersisset
951 2639 1067 2694 abstersi
1085 2639 1166 2706 gaus
1180 2639 1207 2689 n
1219 2637 1288 2690 ntea.

219 2713 268 2763 606
279 2709 406 2760 Britanu.
416 2708 507 2772 11915]
525 2708 611 2761 Guttis
623 2709 766 2761 abstersisti
779 2710 915 2760 Auectius
933 2710 941 2776 11
958 2709 1040 2762 9Neo
1053 2709 1079 2761 V
1096 2708 1143 2760 Nei
1155 2708 1289 2759 Baehren-

219 2782 276 2828 εἰπε
292 2776 302 2843 1
319 2780 434 2828 manaret
444 2776 502 2896 (Ἴ
516 2780 546 2830 10
556 2778 663 2829 cornicle
675 2777 710 2829 G:
729 2778 866 2830 comitteO
882 2776 892 2844 11
913 2776 994 2829 saline
1006 2776 1043 2828 G*
1055 2777 1128 2840 (corr
1137 2775 1181 2840 (2¹)
1199 2775 1288 2826 salicia

222 2844 259 2895 0*
281 2842 290 2911 11
315 2847 347 2898 12
365 2845 458 2896 cesastl
500 2844 523 2908 *‚
542 2861 604 2896 corr
618 2849 671 2916 gl}
698 2848 730 2898 13
747 2846 824 2898 michi
841 2844 885 2910 (ml
905 2845 936 2909 01
954 2845 980 2897 V
1000 2843 1009 2913 11
1032 2843 1160 2896 ambrosio
1181 2844 1212 2896 V
1226 2841 1288 2910 1115

218 2912 360 3034 1ὶθΜῙθΙό
377 2978 556 3031 Intersttticm
580 2981 685 3031 nullum
705 2982 736 3034 V.
770 2981 797 3033 ln
815 2980 912 3033 (lelium
938 2983 965 3032 et
991 2977 1121 3039 Quintium
1147 2981 1177 3029 in
1203 2993 1288 3044 marg.

221 3047 277 3100 add
284 3063 313 3112 g.
331 3048 364 3098 do
377 3047 398 3097 0
409 3063 436 3099 u.
448 3048 485 3098 cd
495 3048 549 3101 aad
567 3047 576 3116 11
594 3052 606 3100 1
627 3049 707 3100 Ellius
725 3050 826 3113 (littera
842 3053 931 3116 prima
945 3049 1086 3098 miniatori
1102 3050 1251 3113 reseruata)
1271 3047 1290 3098 0

219 3115 230 3185 1
246 3114 389 3167 Aufilenam
414 3117 440 3165 et
464 3113 493 3174 Q.
511 3115 656 3167 Aufilenum
681 3117 830 3169 Sodoetltus
854 3116 864 3182 11
890 3118 906 3168 1
923 3114 1097 3166 Veronensum
1117 3114 1139 3166 G
1156 3115 1191 3178 [D
1208 3116 1291 3167 laur.

221 3186 266 3248 55,
284 3183 317 3237 12
335 3183 423 3235 Vatia.
441 3182 506 3234 tato
524 3184 608 3234 Parta.
619 3186 713 3247 825212
732 3189 907 3237 treronensurn
927 3183 948 3234 0
965 3187 1149 3247 [treronensum
1167 3182 1200 3235 al.
1219 3198 1291 3235 uero·

221 3267 329 3305 nensum
346 3251 370 3303 B
388 3256 562 3302 trenorensum
580 3253 634 3302 ΛΡ
649 3253 832 3305 treronensium
850 3252 918 3305 Act.
936 3254 980 3316 (nt.
996 3253 1049 3317 pr.)
1067 3250 1252 3303 veronensium
1269 3249 1291 3301 l

221 3321 266 3381 (m.
283 3323 345 3385 aec.)
363 3320 399 3383 H]
416 3317 426 3387 1
444 3319 576 3384 depeneret
594 3319 715 3384 (depere't
734 3319 764 3381 01
784 3322 813 3374 V
824 3320 834 3388 11
857 3325 872 3374 3
890 3321 940 3373 hoc
960 3320 996 3371 G:
1018 3320 1042 3370 lr'
1058 3321 1101 3384 (=
1119 3320 1176 3385 hec)
1196 3320 1233 3369 0*
1249 3317 1292 3386 116

221 3387 271 3440 Per
291 3389 358 3440 lacta
381 3388 583 3466 buchananum:
606 3386 721 3439 Perlccta
741 3388 769 3440 V
786 3387 797 3456 11
822 3390 934 3441 exhibita
959 3392 998 3440 est
1021 3387 1225 3440 Lachmannua:
1253 3392 1293 3439 est

223 3489 301 3555 igitur
323 3493 363 3542 est
379 3467 440 3569 111
459 3490 482 3553 a)
508 3488 626 3552 orrea
650 3489 733 3569 naua.
750 3490 802 3554 aa,
819 3489 866 3570 aa.
894 3494 935 3543 est
961 3490 1038 3557 igitur
1062 3490 1091 3540 A
1116 3491 1184 3542 aaa.
1207 3488 1293 3542 arua.

223 3557 303 3636 11911
317 3562 360 3637 ἀεὶ
378 3562 456 3623 igitur
473 3560 547 3622 (secr.
565 3557 597 3610 al.
616 3558 735 3624 exigitur)
754 3556 777 3607 B
795 3561 905 3623 exigitur
917 3559 967 3610 DP
980 3558 1108 3637 lliccddd
1121 3558 1207 3610 Vatic.
1218 3557 1292 3622 1650]

223 3631 366 3691 eexrgrtur
393 3630 433 3677 est
456 3625 478 3676 G
505 3628 541 3688 [et
565 3626 655 3680 Vocet.
674 3625 729 3689 107]
759 3623 897 3692 Perspecta
923 3627 1004 3692 exiget
1029 3627 1079 3679 hoc
1103 3644 1126 3677 ω
1155 3625 1293 3691 Perspecto

223 3692 390 3812 egregietegt
399 3693 579 3827 παᾶὴνσηεᾶιιε
595 3694 731 3762 Perspecto
750 3693 842 3745 eximie
860 3698 900 3745 est
917 3693 1033 3745 Kooliue
1049 3694 1058 3763 11
1075 3694 1190 3747 amicicia
1211 3695 1240 3747 V
1251 3693 1261 3762 1
1278 3697 1292 3746 t

223 3774 322 3812 cornere
452 3776 517 3813 ama-

307 3826 356 3881 101
385 3828 563 3881 lateratitium
587 3831 693 3881 nullum
716 3831 747 3884 V.
782 3828 870 3881 Fletus
891 3827 923 3880 de
948 3835 1030 3882 morte
1054 3829 1138 3882 fratris
1160 3833 1189 3880 in
1207 3843 1293 3894 aeorg.

223 3895 279 3946 odd
286 3909 315 3960 g.
334 3896 366 3946 do
383 3895 404 3946 0
423 3913 450 3948 u.
468 3899 506 3949 cd
524 3915 551 3950 u.
571 3899 586 3950 t
642 3900 654 3951 1
674 3897 747 3950 Vltas
764 3897 865 3963 (littora
880 3900 970 3962 proma
987 3901 1129 3950 miniates-i
1145 3900 1294 3960 resecata)

226 3961 274 4029 01
291 3966 306 4027 2
323 3962 426 4031 Addam
440 3967 600 4031 Auentinen
619 3965 665 4017 has
684 3981 754 4018 seras
774 3964 951 4018 Morkluadua
975 3965 1089 4032 Maeni,
1107 3967 1166 4031 lias,
1185 3967 1262 4018 miser
1280 3979 1318 4049 aa

224 4047 309 4114 irater,
327 4048 507 4101 Bacuenses
522 4048 532 4115 1
556 4052 571 4102 3
589 4047 706 4118 p9tremo
726 4049 773 4116 01
791 4050 884 4103 amoris
902 4049 1033 4102 Macdltua
1146 4094 1147 4097 ,
