2714 4650
528 304 570 368 68,
588 303 672 355 7-237

196 469 257 532 Neo
279 471 516 534 ueternm'dulci
538 473 717 552 scriptorum
739 474 870 534 carmine
891 492 993 537 musae

244 555 411 630 Oblectant,
434 575 503 617 curn
525 577 611 619 mens
633 559 719 619 anxia
743 559 909 638 peruigilat,

197 639 229 701 ld
252 649 370 720 gratum
393 650 437 703 est
458 642 538 715 mihi,
560 642 608 704 me
631 644 773 722 quoniam
795 642 848 704 tibi
867 645 943 707 dicis
965 646 1093 715 amioum

145 732 174 785 10
242 725 426 805 Muneraque
448 736 477 787 et
498 746 649 789 musarum
671 728 743 789 hinc
764 728 840 807 petis
863 737 892 790 et
912 730 1051 794 Veneris:

195 809 252 870 Sed
275 811 328 871 tibi
351 829 476 871 nemea
498 812 680 892 sintignota
703 812 900 887 incommoda,
923 815 1020 891 Manli,

242 895 306 956 Neu
328 914 375 956 me
398 895 494 957 odisse
516 904 603 975 putes
625 897 750 976 hospitis
771 899 911 972 officium,

195 979 304 1058 Accipe
326 980 393 1058 quis
415 998 526 1042 merser
547 981 685 1042 fortunae
707 982 847 1044 fluctibus
868 983 941 1062 ipse,

241 1065 284 1124 Ne
306 1064 433 1144 amplius
455 1084 471 1126 a
493 1066 602 1127 misero
625 1066 703 1127 dona
723 1067 808 1128 beata
831 1076 922 1146 petas.

143 1157 172 1208 15
194 1148 342 1228 Tempore
363 1168 422 1228 quo
444 1150 575 1229 primum
597 1151 688 1212 uestis
710 1152 782 1212 mihi
803 1152 909 1213 tradita
930 1172 1006 1233 pura
1028 1163 1081 1228 est,

240 1233 405 1295 locandum
427 1253 496 1296 cum
517 1240 597 1297 aetas
618 1235 722 1297 florida
744 1254 799 1297 uer
820 1247 929 1317 ageret,

193 1318 283 1402 Multa
305 1319 374 1380 satis
396 1319 469 1381 lusi:
492 1340 555 1381 non
579 1328 624 1382 est
644 1320 698 1382 dea
720 1322 819 1383 nescia
843 1323 937 1384 nostri

240 1403 321 1474 Quae
343 1403 460 1466 dulcem
483 1405 561 1466 curis
583 1406 687 1467 miscet
708 1407 887 1468 amaritiem:
968 1438 971 1441 ·

193 1488 252 1548 Sed
273 1496 373 1549 totum·
391 1490 449 1551 lroc
470 1490 600 1552 studium
623 1492 706 1552 luctu
727 1492 858 1552 fraterna
878 1493 951 1553 mihi
971 1511 1054 1556 mors

142 1582 171 1633 2ο
238 1572 375 1635 Abstulit.
419 1575 567 1636 omisero
590 1576 681 1635 frater
703 1577 839 1655 adempte
861 1576 943 1650 mihi,

192 1657 237 1718 Tu
260 1667 379 1719 meatu
401 1659 532 1720 moriens
554 1660 667 1738 fregisti
688 1661 852 1735 commoda,
875 1663 975 1736 frater,
1063 1740 1065 1745 Α

238 1741 351 1803 Tecum
372 1761 433 1803 una
455 1753 517 1804 tota
540 1753 584 1804 est
606 1753 706 1806 nostra
728 1746 845 1824 sepulta
867 1746 982 1820 domus,

192 1826 299 1888 Omnia
321 1836 420 1889 tecum
441 1847 501 1889 nna
522 1829 678 1908 perierunt
698 1831 803 1908 gaudia
825 1839 936 1905 nostra,

238 1911 320 1983 Quae
342 1920 412 1974 tuus
433 1913 464 1974 in
486 1913 548 1974 uita
570 1914 664 1975 dulcis
685 1915 781 1975 alebat
803 1933 895 1975 amor.

139 2005 168 2056 25
191 1996 281 2058 Cuius
303 2015 358 2076 ego
381 1998 502 2059 interitu
524 2006 586 2059 tota
608 1999 644 2059 de
666 2010 767 2061 mente
790 1999 889 2078 lugani

237 2081 318 2142 Haec
340 2081 436 2144 studia
459 2093 548 2162 atque
571 2101 675 2145 omnes
696 2085 814 2146 delicias
835 2085 936 2147 animi.

191 2166 300 2242 Quare,
323 2169 402 2246 quod
424 2167 530 2230 scribis
552 2168 686 2230 Veronae
708 2178 797 2250 turpe
819 2169 933 2231 Catullo

236 2251 309 2313 Esse
331 2252 412 2330 quod
433 2253 482 2314 hic
504 2253 603 2332 quiuis
625 2255 661 2314 de
683 2255 806 2316 meliore
828 2263 899 2315 nota
928 2307 932 2323 ,

189 2335 309 2415 Frigida
331 2339 448 2398 deserto
472 2339 627 2418 tepefactet
648 2338 780 2401 membra
802 2339 901 2413 cubili,

139 2429 168 2481 30
236 2420 277 2496 ld,
300 2421 398 2496 Manli,
422 2441 482 2484 non
508 2431 552 2485 est
572 2431 670 2504 turpe,
692 2425 786 2504 magis
807 2425 948 2485 miserum
972 2432 1025 2485 est.

190 2504 332 2585 Ignosces
353 2507 452 2586 igitur,
475 2507 509 2583 si,
532 2527 608 2587 qnae
631 2509 702 2569 mihi
724 2509 821 2571 luctus
844 2509 960 2583 ademit,
1053 2542 1055 2547 ,

237 2590 317 2652 Haec
339 2592 393 2653 tibi
416 2612 476 2653 non
500 2593 599 2654 tribuo
623 2612 755 2668 munera,
779 2612 846 2655 cnm
869 2611 996 2671 nequeo.

188 2675 260 2736 Nam
284 2677 364 2756 quod
385 2677 565 2757 scriptorum
587 2696 648 2739 non
672 2696 778 2758 magna
801 2685 845 2738 est
867 2678 951 2756 copia
977 2676 1057 2756 apud
1078 2694 1135 2751 me,

235 2761 300 2822 Hoc
322 2763 356 2822 fit
377 2764 456 2842 quod
478 2763 589 2824 Romae
610 2763 754 2824 uiuimus:
777 2763 825 2823 illa
847 2764 962 2836 domus,

139 2844 240 2907 351111
263 2846 334 2907 mihi
357 2847 451 2920 sedes,
473 2847 533 2908 illic
555 2865 620 2907 mea
643 2849 774 2926 carpitur
795 2855 888 2909 aetas:

235 2931 300 2993 Huc
322 2950 382 2993 una
404 2950 439 2993 ex
461 2932 561 2994 multis
583 2932 701 3012 capsula
723 2952 771 2993 me
792 2932 935 3012 sequitur.

189 3015 276 3088 Quod
299 3035 366 3079 cnm
388 3017 428 3078 ita
450 3017 496 3092 sit,
520 3017 611 3079 nolim
632 3026 742 3080 statuas
764 3025 941 3082 nosmente
962 3017 1091 3097 maligna

145 3237 161 3285 't
178 3233 257 3286 net⁵m
277 3235 313 3286 0*
329 3233 340 3304 1
357 3238 372 3288 8
390 3235 463 3288 ansia
483 3234 530 3303 01
547 3239 563 3289 9
582 3235 654 3288 ducis
669 3254 692 3288 ω
709 3235 718 3302 11
737 3239 768 3290 10
786 3237 852 3304 petit
865 3236 903 3288 G*
920 3233 930 3301 1
949 3237 979 3289 11
999 3231 1134 3285 commoda

57 3301 119 3353 mali
140 3302 172 3365 V,
191 3305 221 3352 in
241 3302 263 3354 G
280 3304 490 3356 advocatiarum
507 3305 682 3356 indicandum
699 3320 716 3356 o
733 3305 831 3356 cocula
849 3321 867 3355 a
886 3303 932 3365 θ’,
959 3307 990 3352 ut
1015 3301 1133 3364 uidetur,

56 3373 242 3436 superscripta
260 3375 300 3421 eet
314 3370 324 3436 11
340 3370 410 3423 Mani
422 3371 611 3424 Lucumonem
626 3371 634 3437 11
656 3375 686 3427 12
705 3372 757 3425 Seu
776 3372 814 3424 G*
838 3370 848 3438 1
874 3369 981 3436 sospitis
999 3367 1135 3419 Schrader

56 3437 66 3506 1
87 3440 119 3490 16
136 3441 194 3489 eine
211 3441 357 3491 interstitio
378 3454 419 3491 om
440 3440 483 3492 0*.
518 3439 555 3501 of.
574 3442 611 3492 ad
623 3444 663 3504 68,
680 3444 713 3492 49
730 3441 739 3508 11
758 3443 790 3493 18
808 3437 970 3492 amariritiem
991 3435 1133 3514 (syllabam

55 3505 78 3556 ri
92 3509 216 3571 pedorem
232 3523 304 3561 man.
320 3523 363 3573 pr.
382 3508 491 3573 delectit)
509 3509 532 3561 G
554 3511 691 3562 amarittffia
710 3511 753 3572 (ε
769 3508 889 3570 -ῑίοηοω1
909 3505 946 3555 0*
970 3505 981 3571 1
1007 3505 1040 3555 20
1064 3505 1133 3567 o]e1

56 3573 245 3640 Baehremtue,
264 3573 300 3635 of.
317 3578 358 3639 68,
375 3577 409 3629 92
431 3574 442 3642 1
464 3579 566 3630 21-24
583 3578 626 3629 del
641 3576 831 3628 Froeftlioltius
847 3579 856 3640 11
874 3576 904 3625 21
923 3572 1006 3624 Tunia
1024 3575 1052 3624 tu
1071 3569 1108 3622 O*
1120 3569 1131 3639 11

56 3642 165 3694 comoda
180 3643 201 3694 0
217 3643 227 3712 11
245 3645 277 3696 26
296 3659 398 3696 omnem
412 3645 448 3696 0*
465 3646 474 3713 11
493 3647 524 3697 21
543 3660 638 3697 nerone
656 3646 679 3709 (r
696 3643 833 3707 adrasum)
847 3643 867 3694 0
879 3642 888 3711 11
901 3640 996 3693 catullo
1006 3640 1035 3693 V
1043 3639 1134 3692 scribis

53 3703 184 3763 ‘Veronae
203 3715 292 3778 turpe,
311 3712 423 3776 Catulle,
442 3713 505 3765 Esse
527 3713 596 3780 quod
613 3741 648 3749 -
666 3711 787 3776 tepefecit
804 3725 836 3762 tn.
855 3710 913 3762 cubi
926 3705 946 3725 ‘’
965 3709 992 3773 ld
1010 3705 1137 3774 Munrol

57 3779 91 3830 28
108 3779 195 3846 quiuis
207 3779 411 3832 Lucumonem:
429 3781 546 3848 quisquis
560 3780 587 3831 V
600 3778 610 3847 1
628 3779 745 3846 quisquis
763 3808 796 3816 -
814 3784 875 3830 nota
893 3793 921 3830 es
946 3776 996 3845 ω·1
1014 3779 1046 3829 29
1065 3779 1136 3854 lepe-

56 3845 136 3898 factet
149 3847 299 3911 Bergidae.-
317 3849 438 3916 tepefacit
448 3849 478 3903 V
490 3848 614 3915 tepefaxit
625 3848 814 3899 Lachmannus
831 3847 970 3913 tepefactat
980 3864 1002 3897 ω
1014 3844 1135 3912 tepefecit

55 3914 100 3982 ω1
112 3915 201 3967 cubilli
212 3915 248 3965 0*
259 3914 269 3984 11
280 3919 313 3970 30
326 3917 386 3968 mali
398 3919 427 3969 V
434 3916 501 3968 Mani
514 3917 703 3968 [ruodmannus
713 3914 760 3980 (cf.
772 3932 798 3968 u.
811 3916 851 3982 ff)
869 3916 913 3980 mi,
925 3914 976 3966 Alli
988 3913 1135 3966 Sctcellius

52 3981 112 4050 131
133 3982 255 4049 lgnosces
275 3984 338 4053 0*ss
356 3987 389 4037 32
407 3989 462 4036 tum
482 3985 518 4036 0*
536 3986 595 4048 1134
613 3984 664 4037 llec
684 3984 721 4036 0*
739 3985 798 4052 1136
816 3985 867 4037 ima
890 3985 947 4051 (aad
963 3987 1014 4034 uin
1032 3985 1065 4032 ab
1084 3992 1134 4031 una

54 4051 159 4116 differt)
180 4049 216 4101 0*
232 4049 242 4119 11
258 4054 290 4105 37
310 4053 363 4106 noli
384 4052 419 4104 G:
437 4053 490 4105 noli
510 4051 546 4104 0*
