2738 4672
486 321 488 325 ⁴
543 303 585 367 61,
603 300 703 356 air-83

351 472 393 533 Te
414 473 522 557 timeus
544 472 650 553 cupida
671 492 767 535 nouos
842 488 844 495 ’
941 481 945 488 ’

301 568 330 618 55
352 557 454 647 Captat
475 566 545 620 aure
567 559 701 629 maritus·

351 693 395 754 Tu
418 695 482 756 fero
504 695 607 756 iuueni
629 695 660 757 in
677 692 788 774 *marius

352 778 498 840 Floridam
521 781 583 861 ipse
605 781 764 861 puellulam

351 864 438 926 Dedis
460 883 477 925 a
498 866 611 945 gremio
634 884 704 928 suae

351 948 461 1025 Matris,
485 969 503 1010 o
526 950 693 1031 Hymenaee
715 951 841 1032 Hymen,
869 982 872 990 ·
942 970 947 980 ·

301 1044 330 1095 oo
353 1033 378 1094 0
400 1033 514 1114 Hynan
536 1036 715 1122 Hymenaee.

351 1152 398 1214 Nil
420 1162 518 1232 potest
539 1155 604 1216 siue
626 1162 655 1215 te
677 1155 778 1218 Venus
827 1181 830 1187 ²

352 1237 440 1298 Fama
463 1240 543 1318 quod
564 1240 644 1301 hona
667 1242 842 1321 comprobet

353 1322 504 1385 Commodi
527 1343 647 1405 capere:
670 1334 699 1386 at
720 1334 818 1406 potest
935 1397 939 1404 ,

241 1476 243 1480 Α
352 1407 393 1469 'le
415 1408 545 1471 uolente.
589 1411 655 1489 quis
676 1409 746 1471 huic
768 1413 823 1473 deo

301 1503 330 1553 65
352 1492 555 1576 Compararier
576 1493 674 1558 ausit?

351 1612 436 1673 Nulla
458 1614 522 1692 quit
543 1615 607 1676 siue
629 1623 657 1675 te
680 1615 786 1677 domus
882 1659 885 1664 -

353 1697 477 1759 Liberos
499 1699 577 1772 dare,
601 1718 658 1760 neo
680 1718 789 1779 parens

353 1782 451 1863 Stirpe
473 1784 575 1844 nitier:
598 1792 627 1844 at
648 1793 748 1864 potest

353 1866 395 1927 'le
417 1868 546 1928 uolente.
592 1869 658 1947 quis
680 1864 748 1930 hiii'o
771 1870 826 1931 deo

302 1951 558 2032 '102Gompararier
580 1951 679 2015 ausit?

354 2070 436 2143 Quae
457 2072 515 2134 tuis
537 2081 635 2134 careat
656 2073 748 2134 sacris

350 2148 420 2218 Non
443 2155 532 2237 queat
554 2158 623 2220 dare
644 2157 794 2238 praesides

355 2241 447 2303 Terra
468 2242 592 2306 finibusl
617 2246 646 2304 at
666 2251 754 2322 queat

353 2327 395 2388 To
418 2328 547 2389 uolente.
592 2329 658 2410 quis
679 2329 749 2391 huie
772 2328 827 2390 deo

251 2418 253 2420 ’
304 2421 333 2472 75
355 2411 558 2493 Compararier
579 2411 675 2476 ausit?
931 2408 936 2416 ’

354 2530 483 2594 Claustra
506 2531 626 2612 pandite
647 2533 763 2606 ianuae,

354 2616 442 2696 Virgo
465 2618 541 2678 ades.
581 2614 675 2678 uiden
698 2625 731 2678 ut
752 2618 830 2678 laces

304 2708 334 2761 *18
355 2701 529 2780 Splendidas
552 2703 690 2780 quatiunt
712 2699 833 2762 eomas?

305 2794 334 2845 at
356 2786 465 2855 'laudet
486 2787 635 2866 ingenuus
656 2786 769 2865 pudor:
835 2839 837 2841 ,

355 2868 480 2947 †'Quem
501 2880 600 2932 tamen
622 2871 715 2950 magis
738 2871 860 2953 audiens

273 3031 276 3037 Ι
305 2964 334 3016 8³
355 2955 420 3017 Flet
442 2958 521 3036 quod
543 2957 587 3017 ire
610 2970 730 3018 necesse
752 2964 805 3018 est.

177 3105 209 3156 54
227 3106 327 3157 tumens
344 3106 434 3158 Doara
452 3106 490 3168 fil.
520 3106 609 3171 Tota,
627 3106 726 3174 Hymen
740 3108 848 3160 Vossius
874 3107 957 3160 nitens
973 3106 1156 3176 Sonankalinsfl

91 3173 123 3224 55
141 3171 246 3223 maritos
265 3174 294 3225 V
304 3173 314 3243 l
332 3176 363 3227 56
382 3164 453 3226 ἱειό
472 3174 497 3227 V
517 3174 525 3243 fl
549 3177 580 3227 57
598 3175 738 3242 puslullam
757 3175 794 3227 0*
811 3176 820 3242 ΙΙ
837 3177 937 3229 58-60
954 3174 1031 3226 Dedis
1049 3176 1161 3241 agremio
1273 3231 1276 3239 ,

90 3254 137 3292 sue
154 3237 241 3291 matris
256 3239 260 3308 1
276 3239 296 3292 0
314 3242 439 3310 hymenee
457 3242 512 3310 hy(i
532 3244 620 3307 Olmen
638 3243 763 3311 hymenee
781 3244 853 3308 (ante
873 3260 964 3294 uooom
981 3244 1103 3293 nltimam
1120 3245 1162 3293 in-

89 3310 176 3358 seruit
192 3322 244 3372 og
268 3311 339 3371 [itam
364 3312 388 3363 lt.
408 3310 423 3362 l.
447 3312 716 3378 ohymeneeD1tV
736 3310 746 3376 ΙΙ
772 3314 801 3365 61
822 3311 906 3362 Niolril
926 3312 957 3373 V,
978 3310 1041 3360 inda
1058 3308 1100 3361 Nil
1115 3325 1136 3374 g
1153 3309 1163 3378 ΙΙ

91 3377 124 3429 62
142 3375 218 3428 Fama
233 3375 270 3427 0*
285 3375 294 3443 ll
312 3379 343 3430 65
363 3378 422 3430 Gom
444 3379 541 3431 arierO
558 3378 567 3446 ll
585 3381 617 3431 66
635 3380 696 3446 quid
710 3379 755 3445 G*,
773 3394 869 3444 sorrg
886 3381 896 3446 ΙΙ
913 3380 945 3431 68
964 3379 1037 3429 nitier
1049 3379 1105 3440 [P]:
1125 3377 1162 3429 ui-

91 3445 142 3496 cier
161 3443 183 3496 G
200 3444 292 3510 [BGA]
320 3445 395 3497 uittas
436 3449 450 3480 *
477 3449 572 3500 uiuaier
590 3448 681 3512 [ADL]
709 3449 805 3513 cingier
823 3447 956 3498 Schrader
972 3444 981 3514 ΙΙ
1004 3447 1035 3497 to
1055 3445 1162 3514 Compa-

90 3512 141 3564 ries
160 3512 196 3561 0*
213 3513 222 3579 ll
241 3514 271 3564 73
291 3517 317 3564 at
335 3518 420 3580 potest
432 3517 525 3582 Perper
540 3515 550 3583 ΙΙ
568 3520 599 3568 75
618 3516 791 3584 compararier
808 3515 829 3566 G
845 3514 901 3577 (rod
916 3529 965 3579 pro
984 3528 997 3562 a
1014 3517 1163 3578 posteriore

90 3596 124 3632 m.
139 3596 182 3646 pr.
200 3584 278 3647 yar-ins
294 3585 438 3648 sonpsarat
453 3583 472 3650 i)
491 3584 513 3637 G
539 3585 683 3650 Gomparier
703 3583 738 3634 0*
760 3582 769 3649 ΙΙ
793 3586 824 3635 77
844 3581 904 3633 ades
922 3580 1072 3632 Schrader:
1090 3581 1163 3635 adest

94 3649 123 3701 V
137 3648 147 3718 l
168 3651 200 3702 81
219 3647 313 3701 Tardat
331 3668 362 3701 ω.
396 3649 510 3712 fortasse
527 3651 622 3704 'laudet
643 3652 769 3717 ingenuus
787 3650 885 3716 pudor?
903 3649 960 3701 Fles
979 3649 1048 3716 quod
1065 3651 1101 3702 ire
1120 3667 1163 3704 ue·

49 3755 50 3759 ,
92 3731 163 3768 cesse
175 3721 231 3770 est?
247 3718 257 3783 l
275 3719 307 3772 82
320 3720 390 3769 nuno
401 3735 517 3785 ansam,
529 3722 576 3787 qua·
586 3722 612 3771 Ιι.
625 3719 641 3771 l.
652 3719 789 3784 stropham
807 3722 833 3768 et
849 3732 954 3767 sensnm
966 3721 1064 3781 turbat,
1077 3719 1163 3770 Loan-

91 3801 205 3836 mannus
218 3791 281 3852 post
296 3787 379 3844 salto
397 3791 568 3854 transposuit.
597 3787 708 3838 Ellisins
725 3791 789 3837 ante
799 3786 840 3848 81,
858 3784 1044 3838 taamauur
1058 3791 1120 3852 post
1130 3788 1161 3838 84

92 3853 341 3916 lamanamstatuit.
376 3872 502 3907 uersuum
519 3857 698 3907 dinumeratio
721 3854 835 3918 uulgata
858 3854 920 3905 indo
944 3860 983 3905 est
1005 3859 1070 3907 nata
1093 3856 1164 3921 quod

90 3924 120 3971 in
138 3922 196 3974 aaa.
214 3927 279 3974 nott.
291 3924 377 3974 'uersu
393 3926 427 3977 82
445 3927 489 3975 laio
504 3928 611 3974 seruato
634 3939 680 3974 nu.
697 3925 729 3974 94
750 3927 776 3973 et
791 3925 824 3974 93
842 3928 867 3974 et
888 3927 948 3988 post
963 3939 990 3976 aa.
1007 3923 1040 3975 78
1057 3927 1084 3973 et
1104 3928 1165 3989 post

91 4005 119 4042 n.
131 3990 166 4041 85
183 3993 223 4054 (in
240 4007 291 4057 qao
309 4005 414 4044 necesse
433 3993 466 4045 sit
483 3992 642 4058 scribebant)
661 3996 756 4043 eontra
773 3991 894 4042 codicum
910 3992 990 4054 fidam
1006 3991 1165 4058 interpolati

91 4062 156 4109 sunt
171 4057 181 4128 ΙΙ
199 4060 231 4111 83
249 4059 331 4112 neat?
350 4059 386 4109 0*
