2738 4672
221 281 261 339 20
666 285 706 349 re,
726 285 850 346 1-2o,s

217 451 261 524 28
347 451 470 519 Pisonis
492 455 624 531 comites,
646 456 753 518 cohors
775 455 871 516 iuanis

347 540 431 619 Aptis
453 540 607 602 sarcinulis
630 548 658 601 et
681 541 831 620 expeditio,

347 625 454 685 Verani
476 625 587 705 optime
609 634 700 704 tuque
722 626 762 687 mi
784 624 914 700 Fabulle,

347 710 424 781 Quid
446 729 546 772 rerum
569 708 693 790 geritis?
716 711 824 773 satisne
848 729 914 771 cum
938 711 993 772 isto

311 805 325 854 5
347 795 447 875 Vnppa
470 797 637 876 frigoraque
661 805 690 857 et
712 798 817 857 tamem
838 794 967 857 tulistis?

347 880 526 961 Ecquidnam
549 882 579 941 iu
602 879 709 946 tabulis
730 888 811 961 patet
833 879 930 941 lucelli

346 965 526 1045 Expensum,
550 975 582 1026 ut
603 966 684 1040 mibi,
708 968 758 1045 qui
780 983 879 1027 meum
901 975 1020 1027 secutus

346 1051 515 1111 Praetorem
539 1052 635 1111 refero
659 1053 757 1113 datum
780 1048 906 1112 lucello?

348 1135 383 1212 (Ο
407 1136 534 1212 Memmi,
556 1135 633 1196 bene
656 1154 703 1197 me
726 1156 759 1198 ac
782 1136 830 1196 diu
854 1136 993 1215 supinum

283 1229 325 1301 qiu
347 1220 420 1281 'lota
444 1221 497 1281 ista
520 1217 603 1281 trabe
626 1220 724 1284 lentus
745 1221 923 1300 irrumastil)

349 1305 416 1379 Sed,
440 1313 583 1384 quantum
607 1305 703 1381 uideo,
726 1308 789 1387 pari
811 1305 905 1367 fuistis

349 1388 438 1450 Casu:
463 1409 530 1451 nam
553 1390 645 1451 nihilo
669 1391 783 1453 minore
806 1409 898 1470 uerpa

348 1474 428 1535 Fasti
451 1476 529 1536 estis.
574 1484 641 1554 pete
663 1477 778 1539 nobiles
800 1476 918 1537 amicos.

347 1560 384 1619 At
406 1560 492 1621 uobis
514 1560 588 1621 mala
610 1561 701 1623 multa
723 1562 763 1623 dii
785 1564 916 1640 deaeque

298 1654 326 1704 15
348 1644 435 1721 Ilent,
459 1645 618 1726 obprobria
640 1638 775 1709 Romulei
797 1647 951 1725 Remique.

221 1929 263 2001 29
350 1931 425 2020 Quis
447 1935 504 1994 hoc
525 1945 624 2015 potest
647 1936 758 2010 uidere,
782 1936 847 2014 quis
869 1943 969 2014 potest
991 1934 1060 2014 pati,

348 2020 408 2080 Risi
432 2020 597 2098 impudicus
619 2029 648 2080 et
670 2038 762 2081 uorax
784 2030 813 2080 et
835 2020 907 2093 aleo,

347 2103 526 2164 Mamurram
548 2105 656 2164 habere
679 2106 757 2182 quod
780 2113 893 2164 comata
916 2103 1006 2163 Gallia

348 2187 481 2248 Habebat
503 2197 571 2250 oute
593 2196 622 2248 et
643 2188 744 2248 ultima
767 2185 942 2248 Britannia?

311 2283 326 2331 o
347 2271 474 2333 Cinaede
496 2271 630 2347 Romule,
653 2273 724 2334 hooc
746 2273 860 2335 uidebis
883 2280 912 2333 et
934 2269 1033 2334 feres?

348 2357 387 2416 Et
409 2358 457 2417 ille
479 2377 560 2419 nuuc
582 2358 730 2437 superbus
753 2367 782 2419 et
802 2358 987 2438 superfluens

348 2442 563 2503 Perambulabit
585 2443 718 2504 omnium
740 2442 847 2504 cubilia

349 2526 384 2587 Vt
408 2527 522 2590 albulus
543 2527 698 2590 columbus
720 2529 787 2590 baut
809 2524 956 2589 idoneus?

224 2667 427 2681 ..-—-—-—

305 2747 343 2801 28
362 2749 537 2798 interstitium
554 2748 658 2799 nulium
677 2749 708 2800 V.
743 2747 783 2798 Ad
798 2747 947 2799 Verrauium
966 2752 992 2799 et
1010 2747 1143 2799 Fabullum
1161 2747 1190 2796 ia
1208 2761 1299 2812 marg.

223 2815 311 2880 addg
327 2813 337 2879 l
356 2817 370 2866 2
389 2832 424 2866 on
442 2815 529 2866 Artis?
546 2814 555 2882 ll
573 2818 588 2868 3
607 2815 674 2868 Veris
694 2815 729 2866 0*
751 2813 760 2882 ll
783 2818 799 2867 4
819 2817 914 2868 satisue
934 2816 970 2866 0*
992 2814 1001 2882 ll
1023 2817 1038 2866 6
1055 2814 1088 2866 Et
1106 2813 1227 2881 quidnam
1247 2816 1279 2868 V
1287 2814 1297 2880 Ι

241 2885 302 2946 atet]
321 2897 349 2948 ps
370 2882 406 2933 0*
423 2882 431 2951 ll
449 2882 539 2935 rellero
560 2883 594 2934 θ’
611 2884 620 2951 ΙΙ
638 2884 664 2935 in
682 2883 776 2950 lucello
794 2885 918 2934 Heinsius
945 2883 1028 2934 refero
1046 2882 1132 2934 datum
1153 2880 1249 2935 lucello
1268 2875 1298 2934 ‘0

221 2899 332 3013 Klemnu,
345 2978 376 2987 —
390 2945 528 3002 irrumasti'
543 2951 665 3016 Scaliger
682 2950 692 3019 l
709 2955 724 3004 9
744 2950 763 3003 0
782 2955 822 3002 me
841 2953 875 3003 mi
893 2951 913 3001 0
932 2949 951 3002 0
969 2953 1027 3001 mne
1046 2949 1080 3000 ini
1095 2948 1115 3000 G
1131 2946 1141 3017 ll
1158 2949 1298 3015 suppinum

225 3017 261 3068 0*
307 3021 338 3070 10
356 3019 427 3070 trahe
449 3020 477 3071 V
488 3016 498 3086 ΙΙ
515 3024 601 3070 tentus
621 3019 730 3071 Vossius
746 3020 756 3087 ῃ
773 3019 911 3087 yrriunasti
929 3019 1034 3084 [potius
1052 3032 1131 3083 quom
1148 3019 1297 3084 yrrumusti)

224 3085 261 3134 0*
306 3089 334 3137 11
355 3087 410 3153 pari
424 3086 459 3136 0.-
477 3072 650 3151 pereffluam·
668 3087 700 3138 al’
719 3088 773 3152 pari
785 3087 863 3154 G¹)G
881 3091 980 3152 [parum
998 3085 1028 3138 al'
1045 3085 1099 3151 pari
1112 3086 1144 3147 B]
1162 3086 1171 3151 ΙΙ
1188 3085 1261 3138 luisti
1275 3087 1301 3140 V

222 3150 233 3220 fl
251 3155 282 3205 12
300 3169 363 3221 urpa
377 3155 412 3204 0*
430 3154 541 3205 uerbaG
557 3154 567 3224 [1
587 3157 618 3207 14
636 3155 745 3206 nobisO
763 3154 837 3207 uobis
855 3156 912 3220 (sed
926 3171 943 3206 u
962 3169 1023 3207 corr
1041 3171 1055 3204 e
1072 3156 1128 3220 ng)
1143 3153 1171 3221 G,
1189 3169 1248 3204 asor
1267 3154 1300 3207 ul’

223 3221 299 3274 nobis
352 3222 362 3289 ΙΙ
381 3225 411 3275 15
432 3221 549 3288 oprobria
567 3221 664 3273 romule
685 3222 721 3272 0*
1080 3256 1082 3258 -

306 3237 345 3347 {9
364 3291 540 3340 interstitium
558 3290 662 3340 nulium
672 3290 704 3341 V.
730 3289 757 3340 lu
769 3289 906 3342 Romulum
919 3291 1083 3342 cutbamitum
1102 3293 1131 3341 iu
1142 3304 1228 3353 marg.
1242 3291 1301 3341 add

221 3373 249 3423 g.
276 3360 327 3410 boc
345 3374 451 3416 carmen
469 3358 613 3410 Suetonius
622 3357 673 3411 Iul.
684 3359 719 3408 73
736 3359 806 3407 bieco
823 3358 992 3423 significauit
1014 3362 1118 3410 uerbis:
1137 3356 1266 3409 Catullum
1285 3374 1299 3410 a

225 3441 274 3543 3110
285 3427 401 3493 (Caesar)
419 3426 468 3478 sibi
481 3426 615 3478 uersiculis
630 3419 672 3476 ‘de
684 3418 820 3477 Mamurra'
840 3432 963 3492 perpetua
982 3428 1100 3493 stigmata
1113 3425 1232 3491 imposita
1245 3442 1299 3479 non

242 3494 438 3560 issimulauerat,
455 3532 462 3547 .
479 3532 504 3547 ..
528 3493 538 3561 ΙΙ
561 3497 582 3549 1.
602 3495 617 3545 2
636 3493 709 3560 opud
726 3493 921 3557 Quintilianum
938 3498 962 3560 9,
980 3497 1003 3560 1,
1021 3496 1065 3547 111
1085 3509 1174 3562 aspera
1192 3509 1254 3545 uero
1274 3498 1299 3547 et

224 3559 360 3629 maledica,
384 3567 413 3614 ut
430 3562 494 3628 dixi,
517 3563 593 3615 etiem
610 3562 636 3613 in
655 3561 765 3614 carmine
782 3560 873 3612 iambis
892 3567 1039 3626 grassantur
1055 3557 1126 3624 ‘Quis
1144 3562 1193 3613 hoc
1210 3565 1299 3628 potest

225 3655 258 3664 -
274 3643 354 3680 uorax
372 3634 397 3682 et
416 3625 484 3684 aleo’
504 3631 514 3698 ll
531 3633 545 3683 3
564 3632 648 3682 Plinii
656 3633 716 3682 trist.
725 3634 781 3680 unt.
790 3631 832 3694 56,
841 3632 874 3680 18
890 3627 1015 3682 Mamurra
1029 3631 1120 3683 Gatulli
1138 3631 1298 3683 uereniensis

226 3696 380 3748 carminibus
398 3700 549 3767 proscissus,
568 3715 653 3768 quem,
671 3703 700 3751 ut
719 3714 760 3750 res
778 3702 825 3764 est,
843 3697 935 3751 domus
952 3699 1033 3764 ipsius
1051 3699 1143 3752 clarius
1162 3713 1238 3766 quam
1252 3698 1299 3750 Ga-

225 3763 305 3815 lullus
324 3764 388 3816 dixit
407 3767 498 3819 babere
517 3768 559 3835 qui
598 3767 791 3836 uifflbfflsel
809 3771 908 3819 comata
927 3766 1007 3820 Gallia
1031 3767 1040 3836 [1
1062 3767 1126 3820 Nam
1144 3768 1228 3818 murrii
1248 3766 1274 3818 V
1288 3764 1300 3835 Ι

226 3837 326 3884 comotu
347 3832 383 3883 0*
399 3834 409 3900 l
427 3838 444 3886 4
461 3840 504 3886 aut
565 3838 652 3886 auus:
670 3850 728 3888 cum
746 3840 771 3887 te
785 3834 813 3886 V
825 3837 897 3887 uncti
910 3837 1033 3887 Fucinus
1050 3840 1154 3888 unctum
1167 3834 1300 3900 Scaliger.

227 3915 263 3950 ou
278 3903 415 3968 umquam?
424 3892 564 3966 (officio.
576 3902 649 3954 Catu.
661 3907 691 3954 iu
702 3903 772 3958 Suet
782 3904 831 3958 Iul.
841 3906 881 3969 19)
899 3901 909 3971 l
925 3904 1043 3956 brittania
1054 3903 1090 3953 0*
1105 3901 1116 3969 Ι
1133 3879 1355 3978 5,]χρρ11εἰη-ΑῙ,4

225 3971 282 4019 sius
298 3968 308 4034 ll
322 3974 383 4034 post
400 3972 415 4021 5
433 3972 462 4019 in
480 3972 572 4022 aldina
591 3971 693 4023 (11502
711 3972 781 4031 udo
799 3974 896 4022 iterum
910 3974 1085 4038 ⁴scriptorem
1100 3969 1109 4038 ll
1128 3975 1141 4021 *i
1160 3970 1300 4023 Perambu-

226 4035 291 4089 lauit
309 4037 337 4089 V
349 4037 359 4108 l
378 4039 391 4090 8
411 4037 472 4089 baut
484 4037 738 4103 idoneusSiiiigius:
756 4032 800 4091 abt
817 4039 934 4106 ydoneus
945 4040 972 4091 V
974 4058 983 4090 .·
996 4032 1044 4090 aut
1062 4037 1152 4091 Adone
1257 4041 1301 4090 ius
