2738 4672
218 295 260 350 1111
664 290 848 345 PRAEFATIO

292 466 379 528 buius
400 464 470 526 libri
483 463 578 534 edidit,
601 469 626 523 et
646 462 682 525 K.
697 463 729 525 P.
742 463 919 534 Scbulnium,
942 466 993 544 qui
1006 466 1037 524 in
1052 462 1161 524 Herum
1175 464 1238 540 (13,
1256 463 1297 524 50

292 551 389 626 -58)
404 549 640 612 bmbrensianam
655 548 836 612 collationem
849 547 1001 630 suppleuit,
1024 551 1083 629 ipse
1099 548 1219 609 codicem
1238 545 1299 607 Tu-

292 637 408 714 binqom
431 632 626 695 liberalissime
647 637 850 696 transmissum
871 653 898 695 a.
920 634 999 697 1877
1024 632 1141 695 contuli.

225 720 248 780 V
291 737 442 782 consensus
463 717 606 779 librorum
629 716 701 780 Get
725 717 789 797 O.1)

378 802 581 898 lifflo
603 805 678 865 inter
698 820 727 864 se
748 802 892 863 simillimi
909 804 1040 863 omnium
1055 802 1183 863 codicum
1204 797 1298 861 11111-

294 889 450 962 lianorum,
466 895 600 968 quotquot
611 887 702 949 adbuc
716 890 915 957 innotuerunt,
928 890 989 947 inte
1007 889 1112 948 errimi
1120 904 1156 967 su
1191 929 1197 943 .
1225 903 1297 964 quo-

293 992 438 1036 11111111
448 976 599 1050 utriusque
610 982 661 1033 aut
672 971 843 1033 alterutrim
856 975 918 1034 siue
934 975 1015 1032 tantu
1078 969 1114 1042 0)
1128 972 1192 1031 siue
1201 969 1300 1030 lectio-

293 1059 379 1121 nibus
395 1066 513 1138 promer
526 1064 637 1118 tentum
656 1057 761 1118 additis
774 1055 822 1133 (G¹
837 1067 864 1118 et
880 1059 910 1136 q)
933 1058 1020 1117 oneri
1040 1054 1110 1117 libri
1130 1054 1199 1116 boni
1218 1052 1257 1130 (b.
1273 1071 1297 1114 e.

294 1162 364 1205 rara
381 1141 558 1224 interpolate)
577 1159 669 1222 poene
688 1140 793 1222 ubique
809 1159 865 1221 per
878 1150 970 1202 totum
985 1141 1093 1202 librum
1108 1142 1298 1201 mnsentinnt.

294 1238 328 1290 ut
349 1226 476 1306 intelleqi
491 1231 583 1306 possit
604 1226 639 1288 ab
662 1235 848 1307 atrapens,
870 1226 922 1288 ubi
944 1224 968 1286 G
989 1236 1017 1287 et
1038 1224 1064 1285 0
1086 1228 1162 1287 inter
1188 1242 1217 1286 se
1239 1223 1299 1284 dis-

295 1321 420 1392 crepant,
441 1316 537 1374 maior
554 1328 626 1391 pars
647 1311 789 1373 bonorum
810 1311 953 1373 librorum
973 1319 1034 1381 stet,
1057 1308 1226 1371 lectionibus
1245 1318 1298 1369 cut

227 1394 269 1459 G*
296 1396 370 1459 inG
392 1397 452 1458 solo
473 1396 522 1458 uel
541 1414 631 1476 paene
651 1395 711 1457 solo
733 1405 784 1458 aut
806 1395 879 1457 inO
901 1395 961 1458 solo
984 1395 1033 1457 uel
1051 1413 1140 1475 paene
1161 1393 1221 1455 solo
1236 1402 1300 1455 tra-

228 1479 270 1544 0*
296 1483 363 1544 ditis
384 1485 554 1544 asteriscum
576 1477 615 1556 (*)
638 1481 744 1542 addidi.
768 1483 821 1560 qui
847 1480 899 1542 ubi
925 1483 957 1541 in
980 1480 1148 1542 lectionibus
1171 1480 1299 1540 codicum

298 1566 322 1628 G
340 1564 407 1628 110
429 1570 507 1628 inter
527 1584 556 1628 se
578 1566 803 1646 discrepantibus
824 1569 944 1627 ominus
966 1575 1014 1636 est,
1036 1564 1180 1626 sciendum
1203 1572 1242 1624 est
1264 1562 1300 1624 ab

296 1655 447 1732 utriusque
468 1652 570 1712 codicis
587 1662 672 1730 parte
690 1651 792 1731 plures
807 1652 914 1712 codices
929 1650 1017 1712 bonos
1033 1658 1123 1710 stare.
1160 1666 1231 1709 raro
1247 1647 1301 1709 ad-

229 1733 268 1795 V*
295 1737 399 1798 bibitoe
420 1746 488 1798 sunt
508 1746 593 1797 notae
620 1733 664 1794 V*
686 1746 713 1797 et
734 1733 785 1816 q*:
807 1753 932 1814 qnorum
958 1731 1003 1793 V*
1025 1735 1132 1796 indicat
1154 1733 1300 1794 lectionem

298 1821 350 1883 bac
371 1830 442 1883 nota
463 1825 632 1901 insiqnitam
654 1840 669 1881 e
690 1820 772 1882 nullo
789 1832 906 1901 praeter
922 1819 946 1881 G
961 1830 988 1881 et
1004 1819 1029 1880 0
1044 1820 1135 1881 codice
1156 1825 1301 1880 enotatam

229 1904 264 1985 q*
299 1925 371 1968 esse:
392 1902 428 1983 q*
449 1917 544 1968 autem
567 1905 717 1968 lectionem
738 1908 787 1966 cui
799 1909 952 1968 asteriscus
966 1906 1125 1984 adscriptus
1140 1913 1179 1964 est
1201 1922 1219 1982 q
1241 1901 1300 1963 solo

296 2098 321 2162 1)
335 2095 462 2148 Carmina
472 2095 581 2158 singula
598 2095 646 2143 ubi
661 2095 692 2142 in
708 2093 737 2144 V
747 2095 820 2142 inter
833 2109 861 2142 11
877 2098 1040 2158 separantur
1056 2097 1204 2145 interstitio
1222 2098 1304 2146 unius

226 2179 321 2216 uersus
331 2165 501 2228 separantur.
525 2162 689 2212 carminibus
700 2162 730 2210 in
744 2159 804 2210 Get
816 2160 837 2210 0
848 2177 865 2211 a
877 2164 966 2224 prima
981 2163 1123 2226 utriusque
1134 2176 1217 2212 manu
1230 2163 1304 2214 tituli

226 2232 297 2283 nulli
309 2231 475 2297 praescripti
495 2234 571 2293 sunt,
592 2230 648 2278 nisi
670 2227 744 2292 qaod
759 2230 789 2277 in
809 2226 830 2278 G
849 2228 941 2278 titulos
959 2230 1087 2278 carminis
1104 2232 1197 2293 quarti
1215 2232 1305 2293 quinti

227 2301 298 2350 senti
309 2313 405 2348 manus
411 2299 503 2362 prima
514 2297 636 2362 scripsit:
655 2299 755 2345 ceteros
766 2297 895 2346 emarcuit
901 2311 930 2360 g.
955 2311 1015 2346 cnm
1027 2297 1178 2347 carminum
1189 2299 1304 2365 inscrip-

228 2368 345 2418 tionibus
356 2381 424 2431 quae
435 2366 465 2414 in
479 2364 501 2415 G
513 2366 641 2428 leguntur
657 2365 848 2428 inscriptiones
861 2365 891 2414 in
902 2363 1015 2428 reliquis
1032 2365 1109 2415 libris
1121 2365 1197 2415 bonis
1209 2367 1305 2416 obuiae

230 2436 392 2500 conspirant.
422 2435 452 2482 in
471 2431 537 2483 Get
555 2430 650 2492 Ol'ere
668 2432 766 2495 ubique
783 2433 885 2496 scripta
901 2435 966 2482 sunt
983 2446 1064 2498 epra
1082 2447 1112 2484 ac
1131 2435 1157 2481 et
1175 2447 1207 2484 oc
1225 2438 1305 2498 atque

229 2501 308 2556 nichil
325 2499 442 2566 (nichilo)
465 2504 491 2550 et
512 2498 590 2551 michi
608 2515 661 2565 pro
685 2498 750 2550 nihil
766 2498 866 2564 (nihilo)
890 2504 916 2550 et
939 2498 1002 2551 mihi
1020 2499 1099 2565 (inO
1123 2501 1229 2565 quidem
1251 2516 1303 2567 pro

230 2611 310 2664 nichil
330 2615 357 2662 et
374 2610 451 2663 michi
468 2610 620 2676 saepissime
641 2606 707 2659 nich’
725 2607 770 2658 uel
786 2607 820 2659 nl'
838 2613 864 2658 et
881 2583 905 2659 dr
925 2610 1042 2674 legitur:
1064 2611 1126 2660 item
1147 2626 1199 2677 pro
1218 2609 1263 2663 sed
1283 2611 1304 2662 0

230 2683 423 2746 saepissimam
440 2679 565 2743 1111111).
591 2678 657 2727 baec
667 2678 697 2726 in
709 2677 796 2727 uariis
809 2677 967 2728 1111111111
979 2677 1120 2729 enatandis
1131 2694 1186 2729 non
1198 2681 1304 2741 curaui,

230 2752 293 2800 item
310 2748 420 2812 nogioni
435 2747 646 2811 praepositiones
664 2759 724 2795 cum
736 2746 841 2795 casibus
853 2746 1010 2796 coniunctas
1020 2747 1106 2810 (uelut
1117 2745 1222 2810 eductu,
1240 2761 1305 2812 amc,

231 2815 367 2882 (1111111,-
378 2812 469 2876 exilio,
486 2812 610 2878 inlimiuc)
629 2817 656 2863 et
675 2812 775 2863 similes
797 2812 951 2864 litterarum
968 2814 1170 2865 coniunctiones
1188 2815 1306 2865 disiunc-

231 2886 351 2934 tionesne
368 2881 510 2947 (multaque
527 2904 561 2923 =
578 2879 659 2932 multa
677 2895 757 2948 quae,
782 2880 937 2948 ahymeuee,
962 2884 988 2931 11
1003 2881 1103 2946 petenti
1120 2907 1153 2927 =
1171 2881 1305 2947 atpetcuti,

232 2949 264 3003 ad
281 2949 386 3014 ulters):
404 2952 469 2999 item
485 2964 504 3015 y
522 2953 548 2998 et
563 2947 581 2998 i
592 2949 698 2999 litterms
716 2951 746 2999 in
761 2951 868 3013 grecus
885 2952 1061 2999 commutatas
1075 2947 1204 3014 (ciclades,
1222 2949 1306 3015 hiper-

231 3019 334 3081 boreos,
351 3016 450 3080 libisse,
470 3015 537 3079 onix,
556 3015 732 3082 symonicus),
750 3016 767 3067 h
786 3017 904 3067 litteram
915 3017 985 3066 male
1000 3019 1118 3081 positam
1129 3016 1244 3081 (linthea,
1263 3032 1306 3069 11-

232 3085 313 3138 decha
326 3084 420 3150 sillabi,
438 3083 640 3153 harpocrathem,
659 3083 775 3150 opacha),
793 3085 817 3135 ei
829 3089 856 3135 et
872 3085 892 3134 11
909 3083 1028 3152 syllabas
1044 3087 1117 3135 inter
1133 3101 1162 3135 se
1179 3084 1307 3146 confusas

231 3153 351 3220 (diuiciis,
370 3152 530 3217 elegendus,
549 3150 683 3218 eguacius,
702 3151 801 3216 gracia,
819 3151 913 3216 lecius,
932 3152 1083 3217 uireucium)
1101 3153 1222 3218 aliasque
1239 3155 1306 3204 seri-

228 3227 327 3289 pturas
338 3223 468 3272 barbaras
487 3218 597 3287 (sydera,
614 3218 717 3286 hyrcus,
734 3218 835 3285 ymber)
845 3236 901 3271 nen
913 3223 1080 3286 inarueripsi,
1098 3224 1307 3272 1111111111-

232 3306 281 3352 per
293 3291 419 3342 cautione
433 3303 498 3338 usses
513 3293 552 3350 ut,
570 3288 595 3336 si
606 3289 636 3336 in
647 3286 763 3337 notabili
774 3286 866 3351 aliqua
878 3289 958 3338 buius
967 3291 1077 3353 generis
1089 3289 1201 3340 lectione
1214 3288 1236 3339 G
1248 3293 1275 3339 et
1287 3288 1307 3339 0

234 3360 411 3422 consentiunt,
428 3358 500 3407 hune
511 3369 666 3406 consensum
680 3354 829 3404 indicarem
847 3359 873 3405 et
889 3371 903 3404 e
921 3359 1016 3407 ceteris
1033 3373 1137 3423 quoque
1149 3358 1307 3408 leetimibus

234 3442 279 3476 eas
294 3441 408 3491 quarum
426 3439 490 3474 usus
507 3423 764 3488 quantuluscumque
776 3438 829 3472 csse
841 3427 934 3488 posset
944 3427 1108 3475 encriberem
1121 3425 1308 3490 potiusquam

230 3497 482 3560 praetemitterem.
514 3493 666 3556 scripturae
680 3491 834 3556 compendia
844 3506 899 3542 non
916 3491 1039 3542 indicaui
1054 3494 1110 3543 nisi
1126 3507 1190 3543 raro
1209 3493 1255 3542 ubi
1273 3509 1308 3543 ecc

233 3577 264 3613 re
281 3577 335 3610 esse
346 3561 499 3611 uidebatur.
527 3561 557 3609 in
575 3557 714 3609 uocabulis
731 3573 866 3626 umquam,
883 3573 1037 3625 numquam,
1056 3574 1224 3626 quamquam,
1240 3563 1308 3625 ,tam-

234 3643 325 3695 quam,
349 3641 516 3695 quemquam,
540 3630 687 3692 utrumque,
706 3641 841 3694 numque,
858 3627 991 3677 similibus
1007 3628 1168 3692 scribendis,
1192 3642 1308 3692 quarum

235 3699 326 3747 littera
348 3695 449 3747 nasalis
470 3699 533 3746 ante
556 3711 572 3761 q
592 3697 683 3760 posita
700 3697 731 3745 in
750 3695 772 3746 G
789 3699 815 3745 et
834 3695 854 3746 0
872 3697 1031 3760 plerumque
1047 3711 1099 3760 per
1122 3694 1307 3760 compendium

234 3766 371 3829 scribitur,
388 3765 418 3814 in
436 3767 512 3813 textu
530 3764 641 3814 enbibui
657 3759 762 3822 formas
774 3779 826 3829 per
842 3777 866 3814 m
878 3766 994 3828 scriptas
1004 3765 1160 3830 (numquam,
1177 3777 1232 3812 non
1244 3777 1308 3813 nuu-

236 3847 312 3900 quam
330 3833 400 3897 etc.),
419 3832 458 3881 ita
475 3835 563 3882 tamen
580 3835 625 3892 ut,
644 3833 766 3897 quotiens
783 3836 831 3882 aul
847 3833 877 3881 in
893 3835 1008 3894 utroque
1025 3833 1074 3880 aut
1090 3833 1121 3880 in
1138 3830 1225 3881 altera
1243 3834 1306 3881 utro

236 3901 326 3952 codice
339 3917 375 3967 nq
388 3899 496 3964 legitetr,
512 3899 543 3950 id
552 3898 717 3952 adnotarem.
742 3901 768 3948 si
779 3902 839 3964 quis
853 3897 1120 3950 animaduerteritea·
1131 3897 1153 3948 G
1164 3902 1191 3948 et
1201 3897 1221 3948 O
1233 3914 1250 3948 a
1265 3913 1308 3948 me
1325 3930 1328 3934 »

235 3972 344 4019 enotata
361 3970 467 4033 saepias
484 3969 517 4018 ab
536 3970 573 4016 eis
590 3967 743 4031 discrepare
760 3983 829 4032 qnae
846 3967 896 4017 alii
912 3966 976 4015 inde
992 3967 1187 4032 enmipserant,
1205 3968 1229 4016 is
1240 3962 1319 4028 scitos

234 4051 276 4087 me
287 4038 384 4088 borum
402 4038 593 4101 benegnarum
611 4034 747 4087 codicibus
764 4038 890 4085 camerate
908 4035 1147 4085 mantuanense
1165 4034 1273 4087 dedisse.
