2714 4650
476 240 652 283 4444444444
1037 242 1097 302 103

114 407 132 460 3
152 410 312 477 [Porphyris
331 411 368 461 ad
385 411 491 461 Horatii
508 427 588 462 carm.
606 411 629 474 4,
642 411 680 476 40,
692 413 727 464 20
745 409 791 476 (cs.
809 415 889 463 ctiam
907 420 1097 467 commentator

52 477 139 528 'oratii
156 481 322 543 conquiritur
344 479 382 529 40
403 478 489 529 locum
512 477 1020 547 4440444444.44144144.Κ14444,41044
1037 487 1097 534 cino

52 545 177 600 laudarier.
197 547 242 597 044
263 546 390 597 Nicotaus
407 563 432 598 o.
454 547 526 608 0444,
544 547 614 598 Ber-4.
634 550 697 599 1800
698 563 748 613 ,.p
764 548 1095 613 140)...444441444414444

52 627 118 665 ersus
137 614 264 679 aptissimi
282 614 377 665 habent
366 618 406 665 tur
425 613 456 665 40
474 615 684 667 maledicendum.
720 614 830 683 denique
848 622 875 668 et
892 618 1019 683 Catullus,
1038 634 1095 671 cum

54 681 164 733 elediata
192 683 342 746 4444444444,
370 683 406 734 444
433 682 469 733 444
493 676 541 734 ‘at
567 699 627 735 nou
656 683 804 750 eflugies
834 699 919 738 meos
948 657 1096 740 iam’bos’.

52 747 167 816 4442]

112 935 272 1000 4[844·4444
289 938 326 987 40
343 937 422 1002 Verg
441 938 508 989 Aen
525 939 548 1000 4,
566 940 613 990 409
643 936 758 999 40444444
783 938 861 992 dabas
889 941 1012 1007 gemitus,
1038 957 1095 994 cum

52 1011 103 1055 tora
121 1003 221 1055 feruere
238 1005 300 1088 1444)
318 976 556 1056 14444044444444
573 1004 666 1057 lnfinit‘
649 1012 717 1058 truus
734 1007 838 1058 144444
827 1009 901 1060 tertia
920 1013 959 1061 444
975 1010 1097 1076 coniuga-

52 1087 107 1155 444,
126 1072 151 1122 id
165 1077 231 1124 esta
246 1067 330 1125 ‘seruo
349 1064 449 1124 teruis'.
480 1089 537 1125 nam
555 1074 682 1125 secundae
694 1075 882 1160 coniugatroms
899 1077 977 1129 uerba
960 1077 1095 1164 perdito

55 1110 153 1223 ‘quod
173 1141 267 1192 habent
285 1134 366 1192 4444(
371 1132 400 1193 ο(
418 1141 445 1191 in
463 1142 564 1193 tertiam
581 1142 704 1208 migrant:
722 1148 751 1195 ut
765 1137 864 1196 (1444444
883 1136 976 1211 ieruo’,
1008 1145 1095 1212 fulgeo

52 1200 120 1274 llgo’
165 1209 224 1259 bino
250 1213 290 1260 est
316 1211 391 1272 (Aen.
409 1211 440 1273 8,
456 1210 513 1273 077)
535 1202 655 1261 (11444444
681 1211 807 1262 Leucaten
835 1228 947 1280 auroque
974 1212 1096 1280 effulgere

52 1269 144 1328 44444(
180 1277 217 1328 444
235 1278 312 1329 etiam
330 1277 448 1329 Horatius
460 1281 515 1362 (ep.
533 1279 557 1361 4,
570 1279 617 1364 44,
622 1278 675 1360 ‚49l
693 1272 773 1330 ‘Vade
791 1281 849 1332 uale
866 1296 929 1333 caue
947 1297 979 1333 44
1000 1282 1096 1335 titubes

52 1344 199 1424 aptataque
224 1337 347 1411 irangas'.
382 1359 440 1396 nam
460 1338 548 1398 (4444(
570 1337 630 1398 (44(
650 1346 733 1430 longa
758 1348 936 1400 441...440
956 1348 1094 1401 dicimusa

52 1413 101 1463 4444
121 1412 300 1496 coniugatione
319 1428 376 1465 esse
393 1414 584 1480 imperatiuum‚
608 1423 636 1465 ut
650 1410 727 1466 ‘cauo
746 1409 837 1468 cauis¹.
873 1416 981 1469 144444
955 1419 1032 1469 etiam
1051 1417 1096 1469 Ca·

52 1473 130 1532 41144(
140 1495 254 1533 cauere
262 1475 360 1533 'dixit
395 1486 514 1548 rcqiormt
531 1483 568 1533 a4
583 1485 624 1547 40
642 1482 681 1569 18.
700 1484 732 1535 49
749 1490 775 1534 44
791 1486 831 1550 01
848 1485 908 1548 402]

112 1685 270 1769 Mser-uiua
287 1686 324 1736 40
340 1685 423 1750 Verg
439 1687 505 1735 Aen.
523 1688 548 1749 4,
565 1688 627 1737 409.
650 1686 789 1738 notandum
807 1703 868 1739 4444
886 1690 963 1740 etiam
981 1688 1013 1740 de
1030 1689 1095 1742 lride

52 1746 136 1804 rcum'
155 1769 248 1820 genere
266 1754 406 1805 masculino
425 1753 509 1804 dicere
529 1751 681 1819 Vergilium:
706 1755 821 1806 Catullus
840 1759 866 1806 et
883 1757 926 1807 4144
945 1757 1094 1820 (masculina
1205 1753 1207 1759 ’

52 1824 153 1872 4444444444
167 1825 245 1904 puto)
268 1836 365 1904 genere
384 1821 507 1873 feminino
533 1828 631 1886 ponunt
658 1821 797 1875 relerentes
815 1823 847 1875 ad
865 1825 1002 1889 originem,
1029 1825 1097 1877 sieut

52 1905 90 1941 444
104 1881 217 1942 ‘Attis'
236 1890 343 1942 4414444
357 1880 499 1941 ‘Gallus’
517 1888 634 1955 legimus.
668 1891 880 1956 respecitadc.
898 1894 940 1956 64]

111 2092 265 2157 timuerim
281 2093 422 2158 Barsmp.
435 2093 499 2174 202,
518 2091 548 2144 49
568 2092 661 2145 Koitii:
688 2093 829 2145 Catullus'
822 2110 848 2146 444
867 2099 1037 2148 44444444444
1052 2116 1094 2144 u

52 2161 132 2225 044,
150 2162 246 2228 iuquit,
265 2150 452 2227 oCybebe'.
488 2131 612 2212 4444444444
635 2162 769 2213 iudicauit
791 2161 901 2228 Kottiara,
929 2168 976 2230 qui
994 2164 1096 2216 Catulli

52 2200 189 2280 4444441444
216 2230 267 2293 (44,
285 2231 327 2294 91)
353 2230 400 2280 044
428 2243 532 2294 magna,
559 2225 605 2281 044
633 2230 780 2297 Cybebeir.
798 2233 814 2282 4.
834 2233 964 2283 4444404444
990 2236 1095 2285 statuit.

52 2314 88 2348 4444
111 2313 207 2348 uersata
223 2296 341 2349 14044-
360 2296 465 2364 Cybebe
489 2298 724 2373 444-1114444404
748 2301 793 2349 cui
810 2304 865 2364 ipse
882 2300 981 2352 11444444
998 2301 1093 2366 paullo

52 2372 86 2415 444
105 2369 143 2432 (p.
161 2367 222 2430 202,
239 2367 265 2431 0)
282 2369 416 2430 attribuit]

110 2569 266 2632 meruius
290 2570 326 2619 40
342 2568 423 2634 Verg.
440 2572 506 2620 Aen.
523 2571 548 2634 4,
565 2570 612 2620 494
641 2568 788 2635 (Frangeret
810 2569 976 2636 indeprensus
1004 2577 1030 2622 et
1057 2571 1095 2623 in·

52 2638 170 2690 meabilis
183 2644 262 2701 error)
274 2637 417 2688 adnotoutt
434 2638 480 2688 Est
492 2645 577 2689 autem
586 2651 677 2688 uersus
687 2636 787 2689 Catulli.
813 2639 931 2702 rerpeatt
940 2638 977 2688 40
978 2637 1091 2719 04440]

112 2839 262 2905 8[Pliotus
280 2847 337 2893 nat.
355 2844 417 2893 14444
434 2843 478 2903 28,
490 2840 537 2892 49:
555 2841 614 2892 binc
631 2838 760 2892 Theocriti
778 2839 845 2906 apud
864 2840 981 2906 Graecos,
1000 2842 1094 2894 Catulli

54 2911 106 2962 alui
125 2911 227 2975 Vngcr)
253 2910 319 2977 apud
350 2925 397 2961 nos
423 2909 590 2976 proximeque
616 2907 723 2974 Vergilii
753 2909 998 2963 incantamentorum
1025 2927 1094 2964 ama·
1134 2956 1139 2980 ,
1174 2938 1183 2948 »ν

52 2980 89 3053 444
108 2979 226 3031 imitatio.
262 2976 298 3039 cf.
317 2978 416 3030 Catulli
432 2980 471 3040 04,
488 2979 552 3030 424.
569 2978 621 3029 527
639 2980 697 3040 444]

110 3183 130 3237 9
157 3183 277 3246 [Seruius
303 3184 339 3234 40
365 3184 480 3248 Vergilii
503 3198 598 3248 georg.
620 3185 647 3248 2,
664 3186 697 3235 90
724 3187 786 3251 (quo
813 3188 839 3237 te
866 3184 976 3236 carmine
1003 3183 1093 3247 dicam,

52 3253 175 3315 44444441)
193 3253 257 3302 boec
275 3252 430 3302 4044444444.Ι
454 3249 525 3302 Hanc
541 3266 618 3302 uuam
637 3222 700 3304 (4444
719 3253 854 3318 praecipue
872 3251 984 3303 laudat
976 3265 1002 3301 m
1021 3251 1093 3302 libris

52 3334 90 3370 ros
120 3319 223 3384 scripsit
252 3318 284 3370 ad
313 3318 408 3369 filium:
439 3323 525 3370 contra
553 3318 668 3370 Catullus
694 3320 807 3383 (Catulus
832 3319 968 3382 0444444444,
998 3316 1091 3370 Caluus

52 3388 127 3452 ager)
155 3401 210 3438 eam
237 3387 366 3453 uituperet
388 3391 415 3438 et
437 3386 499 3438 dicit
523 3386 585 3450 nulli
607 3389 643 3438 rei
671 3402 728 3439 esse
754 3392 838 3452 aptam
866 3388 1020 3452 miraturque
1047 3401 1093 3438 our

55 3470 80 3506 m
107 3452 250 3507 1440444444
267 3454 337 3506 Cato.
375 3455 459 3505 sciens
486 3470 546 3520 ergo
573 3444 709 3521 utrumque
730 3453 854 3518 Vergilius
873 3453 983 3505 medium
1011 3454 1093 3505 tenuit

52 3538 111 3575 cens
126 3514 194 3583 ‘Quo
214 3531 239 3574 te
258 3523 367 3573 carmine
386 3521 477 3587 dicam,
495 3521 635 3574 Rhaetica?
653 3518 699 3583 (cf.
709 3521 827 3572 Marttat
837 3520 868 3572 44
885 3513 1092 3572 400‘Pcnaea’:

70 3607 121 3644 non
141 3591 296 3710 {fflfflhfflt
316 3589 458 3723 42c46473ibi
477 3598 540 3641 44444
560 3589 667 3651 Catulli,
692 3588 790 3640 Potasti
813 3595 878 3640 testa
901 3590 1013 3642 rhaetica
1031 3591 1091 3642 uina

52 3663 125 3711 4444
174 3674 210 3709 444.
249 3675 298 3710 ,m
403 3667 412 3723 )

109 3860 262 3924 10174444
281 3860 313 3912 04
323 3859 354 3911 t.
364 3860 394 3912 t.
406 3862 455 3924 0,0
462 3876 491 3925 p.
500 3859 531 3909 74
541 3857 591 3909 Μ..·
609 3857 665 3910 Nox
684 3857 782 3927 quod,
800 3864 828 3911 ut
845 3859 950 3912 Catulus
968 3862 1016 3925 (ric
1034 3861 1092 3912 440.

52 3933 192 3993 acaunus,
205 3927 319 3981 Catullus
331 3929 407 3979 codd.
420 3928 524 3994 aliquot
536 3927 689 3992 deteriores)
708 3929 752 3991 ait,
770 3928 886 3992 omnia,
905 3929 970 3980 nisi
988 3929 1093 3980 iuter·

52 3997 134 4048 eniat
157 3997 218 4062 sol,
242 3996 354 4063 pruina
378 3995 595 4061 obriguerint,
614 3994 682 4062 quod
700 4000 776 4047 uocet
794 3999 854 4058 nox]
