2738 4672
235 273 274 333 26
679 279 721 345 sr,
741 281 831 342 1-ss‚
851 281 865 331 2

236 446 278 516 37
365 445 451 513 Salax
474 450 596 512 taberna
620 469 733 530 uosque
757 451 993 524 contubernales,

362 538 385 594 A
409 536 533 614 pilleatis
555 555 635 597 nona
657 535 796 598 iratribus
819 537 886 616 pila,
953 576 956 590 ·

363 619 439 683 Solis
462 622 571 701 putatis
593 641 657 683 esse
679 623 825 683 mentulas
849 621 942 691 nobis,

362 704 438 767 Solis
460 707 549 768 licere
572 707 711 786 quicquid
736 717 780 768 est
801 707 965 786 puellarum

325 801 340 850 5
363 789 544 853 Conlutnere
567 801 596 852 et
617 801 722 871 putare
744 801 859 853 ceteros
882 789 1003 854 hircos?

360 875 416 950 An,
439 878 628 939 continenter
651 877 730 956 quod
752 877 859 938 sedetis
882 877 984 938 insulsi

360 960 484 1023 Centum
507 981 544 1024 an
567 963 697 1037 ducenti,
722 981 780 1023 non
805 962 914 1041 putatis
936 980 1086 1039 ausurum

360 1047 405 1107 Me
428 1066 487 1109 una
509 1048 653 1109 ducentos
675 1048 820 1108 irrumare
842 1045 994 1109 sessores?

358 1133 446 1211 Atqui
468 1142 583 1212 putate:
608 1151 735 1211 namque
756 1132 847 1193 totius
868 1132 954 1194 uobis

310 1227 337 1277 10
360 1217 502 1278 Frontem
524 1216 664 1278 tabernae
686 1216 860 1296 sopionibus
883 1218 1018 1279 scribam.

358 1301 458 1363 Puella
481 1320 549 1363 narn
571 1306 638 1378 mei,
662 1322 739 1381 quae
760 1321 826 1363 meo
849 1303 917 1364 sinu
939 1303 1022 1383 fugit,

358 1390 458 1448 Amata
480 1397 595 1447 tantum
617 1399 759 1467 quantum
782 1387 927 1448 amabitur
949 1388 1037 1460 nulla,

358 1472 415 1532 Pro
439 1486 496 1551 qua
518 1473 590 1533 mihi
612 1483 683 1535 sunt
705 1492 811 1552 magna
833 1471 909 1534 bella
932 1484 1072 1553 pugnata,

359 1555 496 1619 Consedit
518 1558 592 1618 istic.
636 1559 712 1619 hanc
734 1558 806 1619 boni
828 1558 965 1637 beatique

308 1651 335 1700 15
358 1642 469 1704 Omnes
491 1643 601 1717 amatis,
625 1644 804 1722 etquidem,
827 1645 907 1722 quod
930 1643 1084 1724 indipnum
1107 1650 1160 1714 est,

358 1727 469 1789 Omnes
491 1728 589 1808 pusilli
612 1738 642 1790 et
664 1729 803 1790 semitarii
822 1729 955 1790 moechi:

358 1812 402 1872 Tu
425 1821 542 1892 praeter
565 1833 669 1876 omnes
691 1834 750 1876 une
772 1814 809 1875 de
832 1814 985 1894 capillatis,-

356 1897 549 1960 Cuniculosae
572 1898 743 1961 Celtiberiae
765 1899 806 1961 iili

356 1982 472 2061 Egnati,
495 2002 586 2063 opaca
609 2003 698 2062 quem
720 1985 833 2046 bonum
854 1985 923 2045 lacit
945 1983 1036 2047 barba

306 2075 334 2126 20
356 2066 393 2127 Et
414 2068 488 2129 dens
509 2069 611 2129 hibera
633 2069 791 2130 defricatus
813 2067 909 2129 urina.

227 2247 270 2318 38
355 2247 466 2327 Halesi,
491 2253 637 2326 Cornifici,
660 2262 711 2313 tuo
734 2252 856 2326 Catullo,

355 2335 456 2398 Malest
477 2337 667 2400 mehercule
689 2348 718 2398 et
740 2350 781 2400 est
801 2335 957 2411 laboriose,

313 2468 347 2523 st
364 2471 542 2522 Interstitinm
559 2472 663 2523 nullum
674 2472 705 2524 V.
735 2471 774 2524 Ad
792 2470 987 2525 contubernales
1005 2473 1035 2520 in
1046 2485 1132 2536 marg.
1142 2487 1163 2536 g
1180 2471 1190 2538 ll
1209 2474 1222 2524 l
1240 2473 1304 2522 Ati-

226 2539 280 2589 lius
296 2539 512 2590 Fortunationns
525 2556 554 2606 p.
571 2540 661 2604 isai
680 2554 831 2593 scazon
848 2555 924 2606 quem
942 2542 968 2591 et
986 2538 1147 2591 choliambon
1165 2543 1191 2590 et
1210 2539 1303 2606 bippo-

227 2606 329 2659 naction
348 2614 449 2671 uocant,
468 2613 495 2659 ut
511 2602 598 2660 ‘Salax
611 2637 644 2646 -
657 2607 865 2661 contubernales’
884 2607 1013 2677 {lanxque
1031 2607 1067 2658 0*
1082 2605 1093 2668 Ι
1111 2609 1126 2658 2
1144 2606 1264 2671 pilesatis
1283 2609 1301 2673 (l

227 2677 313 2727 altera
332 2678 419 2740 mosa)
438 2675 459 2726 G
476 2676 485 2744 l}
502 2692 552 2728 non
571 2676 707 2729 airatribus
726 2677 754 2728 V
766 2675 776 2745 ll
794 2679 808 2729 3
828 2675 970 2730 mentualas
990 2675 1026 2726 0*
1043 2673 1053 2738 ΙΙ
1070 2677 1084 2726 5
1104 2674 1241 2727 Conlutere
1256 2677 1286 2728 V
1293 2675 1303 2743 Ι

226 2743 320 2811 hyrcos
340 2742 364 2794 V
381 2743 473 2795 binnos
490 2744 626 2796 Bonnetns
643 2746 653 2814 l
670 2748 686 2798 9
702 2746 737 2796 At
755 2745 798 2813 qni
817 2745 846 2797 V
859 2744 868 2812 ΙΙ
885 2745 987 2811 iamque
1005 2743 1126 2794 chdins
1142 2741 1151 2811 ll
1169 2744 1253 2795 tocius
1269 2745 1300 2805 V,

225 2811 288 2861 inde
306 2810 415 2876 totinsg
431 2811 440 2875 ll
459 2815 490 2865 1⁰
509 2813 666 2881 scipionibus
677 2814 722 2865 net
733 2813 913 2880 scorpionlbus
926 2830 949 2864 ω
967 2810 1148 2877 scriptionibus
1157 2809 1301 2863 Morcitins

225 2878 391 2996 {filiiobligl’ls
415 2880 538 2931 Heinsius
562 2881 712 2999 {pipionibus
729 2883 833 3000 Pois·
848 2879 1300 3018 pu'sipplbusffldffnpzoconmgdpnom

301 2962 325 2995 si
360 2962 417 2996 ans:
435 2963 492 2999 narn
510 2964 550 3000 me
605 2964 714 3001 namne
754 2966 809 3001 uon
832 2965 864 3000 ais
1227 2963 1236 2998 1

223 3013 232 3080 ΙΙ
252 3015 287 3066 to
301 3012 402 3080 pussilli
417 3015 453 3065 0*
463 3016 473 3083 ll
485 3016 607 3068 semitarii
624 2966 706 3081 (inquii
719 3023 758 3068 esi
772 3034 871 3069 rasura
883 3021 911 3067 et
921 2966 1088 3077 sorbentem)-
1098 3012 1119 3064 G
1131 3013 1250 3066 semitarii
1263 3017 1299 3068 0*

224 3081 233 3150 ΙΙ
251 3081 351 3135 moechi
371 3083 405 3133 0:
422 3084 504 3136 mecbi
524 3084 546 3136 C
568 3084 662 3151 linter
677 3087 744 3138 nio
757 3087 821 3138 etti
838 3086 1015 3137 interstitium
1032 3082 1135 3133 nudum
1152 3083 1182 3133 in
1200 3082 1232 3147 V,
1250 3086 1300 3136 sed

224 3151 268 3206 ad.
296 3165 321 3202 a.
335 3150 365 3202 t7
381 3153 412 3202 in
429 3165 514 3217 nsarg.
533 3169 548 3203 a
581 3156 676 3219 cripsit
686 3169 708 3218 g
725 3152 764 3205 Ad
776 3152 911 3220 Egnatium
930 3152 1113 3216 [interstitium
1130 3165 1189 3202 enm
1207 3153 1299 3203 cadom

225 3221 304 3271 tituto
321 3221 351 3271 in
368 3219 549 3283 ABCDHLA]
567 3220 576 3288 ΙΙ
594 3224 624 3274 tr
643 3222 703 3286 nne]
721 3237 779 3272 eser
795 3222 826 3272 al’
845 3237 896 3274 vno
911 3237 932 3287 g
948 3219 957 3288 ΙΙ
977 3221 1007 3272 18
1027 3217 1202 3270 CelbiberieO
1221 3219 1298 3272 Celti·

224 3287 278 3340 beri
298 3286 321 3339 d
342 3286 351 3356 ll
377 3291 416 3341 17.
436 3290 466 3341 18
484 3290 638 3340 bonanus
654 3292 680 3354 i,
691 3290 722 3339 77
735 3305 764 3353 p.
782 3290 838 3354 iss,
849 3291 881 3341 24
891 3291 921 3341 H.
939 3281 1026 3341 ‘nnus'
1046 3287 1105 3354 quia
1125 3286 1157 3338 de
1175 3288 1297 3341 uomtino

243 3355 327 3408 uidam
345 3356 476 3421 dubitant,
495 3356 575 3423 Caper
594 3393 621 3409 ..
639 3394 645 3408 .
661 3395 666 3409 .
685 3355 797 3408 ostendit
815 3357 863 3409 boe
880 3373 954 3411 nsum
974 3354 1101 3408 Catullum
1124 3358 1151 3407 et
1168 3353 1297 3409 Plautum.

224 3372 339 3476 Catullus
356 3420 405 3476 ‘Tu
424 3430 524 3490 praeter
535 3439 624 3477 omnes
640 3424 734 3477 unedo
752 3439 780 3476 ca
800 3424 878 3476 illatis
892 3425 1065 3477 Celtiberosae
1078 3422 1228 3476 Celtiberiae
1241 3418 1296 3478 fltr‘.

224 3492 294 3543 idem
304 3495 328 3556 7,
336 3493 373 3545 22
382 3509 410 3559 p.
419 3494 478 3554 sot,
490 3494 547 3545 stt.
564 3487 590 3545 ‘o
608 3488 671 3544 filte’
693 3495 718 3544 et
734 3485 759 3542 ‘o
777 3440 836 3543 rbi’.
863 3492 948 3545 binius
962 3491 1122 3543 Andronicus
1132 3528 1208 3546 .....
1218 3489 1295 3545 filie’.

225 3558 339 3611 Catullus
358 3566 443 3613 autern
460 3557 508 3614 ‘Tu
527 3566 626 3628 praeter
644 3588 677 3598 —
695 3555 753 3612 lili’.
786 3563 880 3626 priore
898 3562 1032 3611 Prisciani
1050 3559 1107 3610 ioco
1126 3574 1230 3624 omnes,
1245 3577 1294 3626 po-

223 3629 337 3678 steriore
352 3635 461 3693 master
478 3631 535 3683 eod.
553 3630 637 3682 coion.
655 3631 716 3694 202,
740 3628 802 3679 olim
820 3628 976 3679 darmstad!
996 3643 1017 3679 s.
1035 3625 1081 3688 itt,
1105 3630 1135 3677 in
1153 3644 1208 3694 qno⁴
1223 3630 1295 3682 cani·

224 3695 327 3746 cnlosae
345 3695 453 3763 tegitur,
471 3699 564 3750 itidem
582 3713 671 3749 omnes
682 3698 817 3748 Prisciani
835 3696 898 3747 libri
915 3695 1083 3747 celtiberosae
1095 3696 1200 3750 dotent.
1226 3697 1296 3749 iliud

224 3761 392 3815 cuniculosae·
406 3765 488 3830 (quod
504 3769 532 3817 in
551 3767 634 3818 colon.
648 3766 700 3817 202
716 3781 802 3830 neque
820 3766 849 3816 in
867 3780 965 3816 rasura
983 3768 1009 3814 et
1025 3780 1042 3814 a
1057 3765 1148 3829 primo
1166 3780 1248 3817 monn
1266 3769 1295 3817 in

222 3831 304 3882 Prisc.
316 3829 340 3895 7,
349 3833 385 3884 22
397 3836 527 3898 seriptum
538 3851 593 3884 esse
607 3833 675 3884 doit.
686 3832 846 3885 Scdmttzius
859 3831 1023 3884 Coloniensis
1040 3831 1107 3882 mitt
1124 3838 1235 3885 testatus
1247 3836 1294 3897 ast)

223 3899 343 4018 ascri&
354 3900 462 4017 ἕοῧὶσίε
479 3918 513 3952 on
527 3901 625 3954 Catulli
642 3901 731 3953 codice
749 3901 862 3967 quodam
882 3901 1047 3968 destimptum
1063 3904 1103 3950 est
1118 3900 1127 3968 11
1147 3902 1293 3970 19-opacha

274 3968 283 4036 n
307 4032 343 4088 88
362 4035 538 4086 interstitium
562 4035 665 4086 nullum
685 4036 714 4088 V
729 4037 738 4104 ΙΙ
764 4035 861 4089 lblale
886 4041 925 4089 est
943 4037 965 4089 sl
983 4035 1096 4089 carnifici
1115 4035 1143 4087 V
1158 4039 1168 4105 fl
1193 4036 1293 4090 illuit
