2714 4650
160 3808 162 3812 .
237 3782 316 3832 inedie
338 3783 419 3834 Hanr.
437 3783 541 3834 Alanus
559 3786 689 3850 possidet)
718 3800 736 3835 n
797 3801 820 3834 u

683 308 723 372 aa,
742 307 835 371 a-m,
854 309 869 360 2

360 475 454 537 [lilexi
475 484 538 537 turn
559 484 588 538 te
611 496 673 538 non
695 486 811 539 tantum
832 487 866 540 ut
886 478 994 557 uulgus
1016 478 1148 554 amicam,

403 561 462 622 Sed
483 570 568 640 pater
589 571 623 623 ut
644 572 748 640 gnatas
770 562 864 643 diligit
886 573 914 624 et
936 581 1071 643 generos.

325 641 448 707 5Nune
470 657 499 706 te
522 649 665 726 cognoui:
688 666 780 727 quare
802 650 856 710 etsi
878 649 1041 728 impensius
1063 667 1145 724 urar,

403 730 496 792 Multo
517 732 557 792 mi
580 743 679 793 tarnen
704 752 735 794 es
756 733 844 794 uilior
866 743 896 794 et
917 734 1021 796 leuior.

362 815 421 886 Qui
442 816 521 895 potis
544 815 610 879 est‘l
633 818 742 896 inquis.
787 820 865 897 qued
886 828 1033 881 amantem
1055 818 1162 880 iniuria
1187 819 1252 881 talis

413 900 497 981 Cogit
518 920 615 964 amare
637 903 738 982 magis,
760 904 811 964 sed
834 904 911 965 bene
932 904 1010 965 uelle
1033 905 1141 967 minus.

233 1133 277 1203 '73
362 1134 477 1202 Desine
498 1139 535 1199 de
558 1157 706 1219 quoquam
729 1140 884 1219 quiequam
906 1139 983 1201 bene
1005 1140 1082 1202 uelle
1104 1141 1214 1204 mereri

403 1225 462 1285 Aut
483 1224 610 1303 aliquem
632 1224 696 1285 fieri
718 1243 806 1304 posse
828 1234 932 1303 putare
953 1225 1044 1304 pium.

362 1308 468 1370 Omnia
490 1316 560 1370 sunt
581 1309 705 1388 ingrata,
729 1309 803 1370 nihil
825 1310 929 1371 lenisse
950 1311 1080 1388 benigne

407 1393 542 1455 Prodm:
564 1394 654 1455 immo
677 1394 764 1455 etiarn
785 1394 882 1456 taedet
905 1393 1046 1474 obestque
1068 1394 1175 1473 magis:

325 1487 340 1536 5
363 1478 501 1552 ventui,
525 1497 613 1557 quem
637 1497 725 1540 nemo
748 1479 868 1558 grauius
890 1499 946 1540 nee
969 1480 1104 1541 acerbius
1126 1490 1214 1559 urget

403 1561 499 1634 Quam
511 1565 598 1625 mado
606 1565 657 1644 qui
667 1583 714 1625 me
726 1583 820 1626 unum
831 1565 1182 1644 atqueunieumamieum
1192 1565 1305 1628 hahuit.

233 1794 276 1865 74
362 1794 478 1865 (tetrius
500 1801 632 1862 audierat
657 1810 795 1881 patruum
819 1801 975 1881 obiurgare
997 1802 1100 1874 solere,

403 1885 500 1964 Siquis
523 1886 641 1947 delicias
663 1886 775 1949 diceret
796 1895 847 1948 aut
867 1888 986 1948 taceret.

361 1969 426 2031 Hoe
448 1990 487 2031 ne
509 1971 565 2050 ipsi
587 1971 743 2044 accideret,
766 1972 863 2051 patrui
885 1971 1055 2052 perdepsuit
1076 1973 1170 2050 ipsam

404 2055 531 2117 onrem
553 2064 582 2117 et
604 2066 743 2135 patruum
765 2056 891 2117 reddidit
913 2057 1134 2134 Harpocratem.

328 2148 343 2198 5
365 2137 452 2210 Quod
474 2139 570 2199 ualuit
589 2140 675 2200 leeit:
698 2158 776 2214 narn,
801 2141 937 2219 quamuis
959 2141 1082 2201 irrumet
1103 2143 1200 2221 ipsum

404 2223 491 2284 Nune
512 2232 660 2302 patruum,
682 2225 809 2285 uerbum
832 2244 893 2285 non
916 2225 1005 2286 faciet
1026 2234 1159 2304 patruus.

235 2455 277 2525 75
361 2455 432 2523 Hue
455 2468 500 2520 est
520 2478 606 2522 mens
628 2460 752 2530 deducta
773 2468 833 2531 tua,
855 2479 920 2521 mea
942 2460 1057 2536 Lesbia,
1076 2447 1177 2542 eulpa,

405 2549 502 2625 Atque
524 2545 563 2606 ita
583 2565 615 2607 se
638 2545 735 2607 afficio
758 2546 886 2626 perdidit
908 2547 971 2625 ipsa
993 2565 1057 2621 sua,

321 2731 336 2782 6
354 2729 436 2783 Multo
453 2729 489 2781 ite
507 2745 548 2782 ure
567 2745 614 2782 nee
631 2730 708 2783 uilior
719 2729 749 2783 V
760 2726 770 2798 ll
787 2735 801 2783 7
815 2744 891 2798 qaam
901 2729 934 2794 V
946 2730 1006 2798 quia
1017 2730 1141 2799 Statiusfl
1154 2733 1169 2784 8
1181 2731 1304 2783 Donatus

236 2798 273 2849 ad
292 2796 351 2849 Ter.
369 2799 455 2851 Andr.
472 2800 495 2863 ά,
507 2801 533 2863 3,
545 2801 578 2851 i:
596 2799 693 2852 amieus
711 2798 797 2865 enimi,
815 2803 914 2850 ametor
931 2814 992 2851 uera
1011 2799 1132 2865 eorporis.
1168 2814 1220 2850 non
1238 2800 1304 2850 enirn

236 2865 358 2916 continue
375 2880 446 2918 amur
463 2869 503 2918 est
521 2867 565 2933 qui
582 2867 648 2919 bene
665 2866 723 2919 uult
739 2903 786 2919 ...
800 2904 806 2918 .
819 2871 847 2918 et
863 2868 925 2919 item
937 2866 1052 2919 Catullus
1064 2862 1149 2932 ‘Cogit
1161 2893 1195 2904 -·
1206 2865 1302 2920 rninus‘

320 2931 354 2986 73
372 2934 551 2985 interstitium
576 2936 681 2986 nullum
699 2935 728 2985 V
747 2935 758 3005 l
786 2939 799 2988 1
829 2936 964 3002 quisquam
988 2937 1017 2987 V
1041 2934 1051 2998 l
1080 2933 1226 2987 4Prodest
1253 2935 1308 2987 add

235 3002 384 3065 Amantius,
404 3001 523 3067 Guietue,
540 3002 737 3068 Praetutianus,
755 3003 820 3054 alii:
844 3019 886 3054 om
910 3004 935 3054 V
960 3004 1011 3054 lam
1038 3003 1110 3054 iuuat
1136 3003 1192 3054 add
1207 3003 1305 3055 Mauro

235 3069 331 3120 lunerit
348 3069 403 3120 add
419 3069 599 3120 Baehrensius
627 3069 636 3137 ΙΙ
664 3070 758 3122 iruaG
786 3069 797 3138 ll
825 3071 904 3122 laedit
926 3071 1114 3122 Fraetliettius
1142 3071 1152 3140 l
1181 3072 1306 3139 obestque

239 3137 267 3190 V
267 3135 297 3186 *s
315 3140 426 3204 [stetque
444 3137 569 3188 ABCDA
590 3140 691 3204 stetque
718 3143 744 3188 et
770 3142 799 3189 in
825 3154 912 3204 marg.
936 3139 1112 3202 aluberti]
1139 3141 1149 3208 ΙΙ
1173 3139 1306 3206 magisque

236 3205 318 3271 magis
338 3207 368 3258 V
378 3206 456 3258 lmrno
475 3204 553 3284 etiam
570 3205 664 3271 taedet,
682 3205 768 3258 taedet
787 3206 912 3275 obestque
930 3208 1011 3274 magis
1028 3208 1165 3259 Auantiur
1180 3208 1190 3277 ΙΙ
1216 3211 1231 3260 5
1250 3207 1304 3259 Vae

236 3307 287 3428 {²3¹¹
299 3307 382 3429 giuli
398 3321 449 3376 que
468 3306 490 3358 G
506 3285 563 3373 riuqa
582 3305 602 3357 0
624 3305 634 3374 l
652 3308 668 3358 6
686 3306 776 3360 habuit
790 3308 825 3358 0:
843 3308 922 3361 hebet
940 3309 968 3361 G
981 3309 1080 3373 [habuit
1098 3311 1206 3362 anticum
1223 3309 1307 3360 haur.

273 3413 282 3442 ’
321 3380 357 3498 714
373 3443 550 3494 interstitium
567 3442 672 3493 nullum
691 3443 720 3495 V
735 3440 744 3507 l
769 3444 782 3497 l
802 3442 897 3495 Gellius
919 3444 939 3508 (l
957 3445 1070 3496 alteram
1090 3461 1147 3497 eser
1163 3461 1197 3498 m.
1213 3447 1267 3511 pr.)
1287 3445 1306 3494 0

236 3510 344 3572 [Gellius
357 3511 440 3562 laur.
451 3512 496 3572 aa,
507 3511 564 3574 HJ:
581 3509 667 3562 Lelius
681 3510 702 3561 G
720 3511 836 3573 [BDAR
854 3511 949 3563 Lellius
961 3512 1009 3563 Ae
1027 3513 1112 3565 Lelius
1130 3518 1157 3563 et
1173 3516 1203 3564 in
1219 3529 1305 3578 marg.

237 3577 363 3631 lGellius
380 3581 427 3631 BC
441 3578 528 3630 Gelius
546 3580 582 3642 H]
601 3579 610 3644 ll
633 3579 695 3631 llere
713 3579 742 3630 V
759 3579 769 3646 ΙΙ
797 3578 859 3632 3Η’
876 3582 911 3644 (i.
929 3597 951 3632 e.
969 3581 1042 3646 haee)
1063 3581 1100 3631 0*
1120 3581 1129 3648 ΙΙ
1156 3580 1307 3649 perdespuit

237 3646 264 3697 V
280 3661 342 3697 eurr
359 3647 482 3711 Scaliger
498 3646 508 3712 ll
524 3649 541 3698 4
558 3647 641 3698 reddit
660 3646 696 3697 θ*
712 3646 721 3713 ΙΙ
740 3649 935 3713 harpocrathem
954 3648 976 3699 G

322 3713 356 3768 75
374 3713 485 3765 Nullum
502 3717 676 3767 interstitium
691 3714 739 3783 Vll
758 3714 848 3779 1Hue]
867 3715 941 3768 Nune
959 3717 1026 3766 tiber
1085 3717 1203 3765 'arianus
1220 3717 1307 3780 (quem

817 3788 925 3835 'nemun
957 3798 1010 3848 qua
1035 3798 1108 3849 remp
1156 3797 1172 3832 a
1198 3789 1307 3850 recepta

237 3849 361 3915 Scaliger
378 3854 499 3903 earmina
515 3852 548 3903 e7
565 3856 592 3903 et
606 3853 638 3903 75
656 3855 686 3902 in
703 3867 787 3902 unum
819 3867 912 3903 ermen
930 3853 1074 3917 coniunxit
1093 3849 1102 3917 ll
1125 3848 1198 3900 Nune
1217 3879 1251 3888 —
1269 3852 1306 3902 di·

237 3918 313 3970 ducta
332 3917 519 3970 lachmannus
535 3921 545 3987 ll
564 3920 680 3985 igiosea
694 3922 841 3985 pithoeana
855 3935 883 3984 p.
895 3920 926 3970 70
940 3915 1063 3978 Gatiofr.
1080 3910 1247 3984 ‘officiperdi‘
1262 3919 1305 3986 qui

238 3987 278 4038 sui
297 3987 392 4039 laberis
409 4002 461 4040 non
478 3988 574 4040 habeut
591 3987 968 4040 remunerationemdatullus.
994 3987 1041 4037 sed
1062 3988 1127 4036 iaee
1142 3988 1233 4052 glarea
1251 4003 1305 4039 nun

237 4058 358 4123 respexit
375 4055 516 4120 Catullum,
532 4059 622 4122 potius
640 4055 748 4108 Catonis
766 4058 814 4121 qui
831 4056 931 4106 dieitur
949 4055 1009 4106 dist.
1027 4057 1051 4117 t,
1068 4055 1101 4105 it
