2738 4672
520 281 560 344 32,
580 281 672 344 3-34‚
693 281 723 332 10

329 449 401 510 lube
423 449 458 510 ad
482 459 510 512 te
533 450 651 511 ueniam
674 449 868 510 meridiatum.

293 604 299 615 ‚
329 533 368 593 Et
389 534 412 595 si
435 534 556 597 iusseris
578 534 659 608 illud,
683 535 820 595 adiuuata
901 548 904 557 ⁴

217 671 220 676 .
296 629 311 678 5
333 619 443 698 Nequis
465 620 574 681 liminis
596 618 714 681 obseret
735 618 880 691 tabellam,

330 704 394 765 Neu
415 703 468 765 tibi
490 704 589 766 lubeat
611 706 691 766 foras
713 703 802 779 abiro,

329 789 387 850 Sed
409 789 488 851 domi
506 797 629 851 ‘maneas
651 808 796 869 paresque
820 786 913 852 nohis⁴

330 874 442 935 Nouem
465 875 622 936 continuas
644 874 816 936 fututianes.

329 958 447 1033 Verum,
469 960 566 1038 siquid
589 979 666 1039 ages,
688 960 785 1021 statim
807 959 922 1020 iubeto:

280 1054 307 1104 10
329 1044 402 1105 Nam
425 1063 552 1124 pransus
572 1045 654 1106 iaceo
677 1052 706 1106 et
728 1053 809 1106 satur
831 1044 956 1124 supinus

330 1129 481 1191 Pertunda
503 1130 693 1208 tunicamque
715 1129 904 1209 palliumque.

333 1449 360 1518 0
383 1453 481 1514 furum
504 1453 614 1532 optime
636 1452 856 1514 balneariarum

333 1536 459 1598 Vibenni
481 1548 572 1616 pater,
596 1547 625 1598 et
648 1539 770 1599 cinaede
793 1538 842 1613 tili,

331 1622 414 1697 (Nam
438 1623 539 1683 dextra
562 1633 646 1702 pater
667 1623 877 1703 inquinatione,

332 1707 403 1767 Cuia
426 1707 503 1769 filius
525 1717 570 1769 est
592 1707 754 1783 uoraaiore)

206 1867 209 1875 ῃ
298 1791 394 1852 aCur
417 1811 477 1852 non
501 1792 618 1853 exilium
643 1792 791 1870 malasque
815 1793 845 1853 in
870 1810 934 1854 aras

331 1873 404 1936 Itis?
427 1877 666 1955 quandoquidem
689 1877 779 1956 patris
801 1878 922 1957 rapinae

333 1960 425 2022 Notae
447 1971 517 2022 sunt
540 1962 668 2041 populo,⁴
683 1971 712 2022 et
735 1962 812 2023 natis
832 1963 948 2043 piluma,

333 2045 395 2121 Fili,
416 2065 477 2109 nan
500 2057 668 2126 pausasse
691 2046 852 2111 uenditare.

331 2365 446 2431 Dianae
468 2388 570 2431 snmus
593 2370 624 2432 in
648 2371 704 2430 tide

217 2474 220 2480 ·
332 2453 449 2515 Puellae
472 2464 501 2515 et
524 2455 609 2534 pueri
631 2455 753 2535 integri:

309 2579 311 2582 .
332 2538 458 2600 Dianam
476 2544 565 2619 paeri
585 2543 691 2620 iateqri

374 2623 550 2703 Puellaeque
573 2644 721 2686 canamus.

298 2790 312 2838 5
336 2778 359 2838 Ο
383 2779 514 2846 Latonia,
537 2775 656 2856 maximi
709 2784 712 2794 ’

332 2864 437 2943 Magna
459 2861 617 2942 progenies
639 2861 727 2935 leuia,

335 2949 428 3020 Quam
451 2956 545 3007 mater
566 2963 660 3025 prope
682 2945 786 3008 delium

375 3031 529 3111 Deposiait
551 3031 667 3105 alinum,

334 3185 477 3246 Montium
500 3184 618 3247 domina
641 3193 674 3246 ut
694 3183 773 3247 iores

284 3279 311 3329 ιο
333 3270 539 3350 Siluarumqua
562 3270 720 3332 nitentium

87 3407 292 3420 --.---ι

84 3490 130 3550 55,
142 3488 185 3552 12,
202 3486 353 3555 ipsithtl‘aO
371 3487 494 3556 ipoythila
506 3488 534 3538 D·
556 3489 651 3555 ipsitiia
664 3489 721 3552 AL]
744 3488 794 3554 ipsi
811 3487 856 3538 itta
871 3486 908 3536 0*
930 3482 1077 3550 lpsicillaqr
1098 3482 1160 3550 lpsi·

85 3556 156 3609 milia
173 3556 352 3607 Baetrmuiaa
369 3555 523 3623 Hypsithiila
536 3557 658 3622 Scaliger
674 3555 684 3624 1
701 3559 717 3607 4
736 3555 855 3607 adiub'eto
872 3552 1009 3604 romeam
1025 3548 1034 3618 11
1052 3553 1067 3606 t
1085 3550 1161 3605 lumi·

86 3624 128 3679 nia
145 3622 241 3691 01116
258 3623 320 3676 lube
338 3623 408 3677 ieras
424 3624 511 3677 habire
531 3625 567 3675 0*
585 3623 627 3692 18
647 3623 791 3675 iutuciones
810 3623 838 3673 V

212 3693 405 3744 'romatiana
420 3694 525 3744 nullam
539 3693 568 3745 V
579 3693 588 3755 1
606 3693 656 3743 3.4
674 3695 745 3757 pater
763 3697 803 3742 est
815 3689 946 3742 uoraaiore
958 3687 1021 3740 Gula
1039 3685 1108 3744 filius
1119 3687 1158 3738 in·

1 3816 5 3822 ,
87 3761 230 3827 quitatione
249 3761 343 3814 Carrio
360 3760 370 3830 1
388 3763 404 3813 d
421 3761 549 3813 uoratiore
567 3760 593 3810 V
609 3760 640 3810 al’
658 3758 802 3809 valentiore
820 3757 874 3809 add
893 3760 922 3808 in
939 3771 1056 3822 aarumr
1074 3759 1158 3819 [uora-

85 3829 174 3881 ttoret‘
194 3828 233 3880 ad'
248 3829 391 3882 ualentiora
409 3829 432 3880 B
455 3827 599 3881 uolantiore
610 3826 653 3882 ,al’
676 3827 804 3879 uoratiure
822 3825 844 3876 L
868 3825 1010 3878 ualentiora
1028 3823 1132 3887 Arar]
1152 3825 1162 3891 11

86 3900 102 3949 5
120 3897 195 3949 horas
213 3896 242 3948 V
253 3895 263 3964 Ι
281 3900 296 3950 8
315 3899 462 3963 potestate
480 3895 615 3948 nendicare
633 3893 662 3945 V

170 3963 207 4019 84
225 3966 404 4016 Interamnam
426 3964 530 4016 nullum
548 3962 580 4014 V.
615 3961 721 4014 Carmen
739 3961 852 4026 Dinaeg
876 3963 905 4011 ia
923 3975 1010 4025 marg.
1034 3957 1044 4025 1
1070 3959 1159 4010 aaut

86 4031 166 4082 Itali:
184 4049 226 4084 om
239 4033 268 4085 V
279 4031 289 4101 1
307 4038 321 4086 5
341 4031 360 4084 0
379 4032 474 4084 latinia
486 4031 521 4081 0*
536 4030 546 4097 1
564 4032 578 4083 8
598 4029 721 4098 Deposuit
735 4031 764 4082 V
775 4027 784 4096 11
804 4032 834 4082 10
853 4027 993 4082 uirenoium
1010 4029 1083 4093 (rara
1091 4040 1122 4092 g)
1136 4024 1165 4077 V
