2738 4672
516 273 718 329 TESTIMONIA
1095 273 1157 329 llllll

180 447 299 509 tullus
332 455 362 508 et
390 447 509 527 Sappho
538 454 568 507 01
589 449 776 509 Anacreonta
804 453 834 508 et
855 446 928 508 alios
948 455 1085 510 auctores
1107 467 1155 509 se·

58 543 61 548 '
180 541 268 594 cutus
283 550 345 592 non
364 539 514 611 tamquam
529 531 636 593 uitiosa
656 531 772 605 uitauit,
794 531 846 593 sed
859 539 1010 611 tamquam
1024 532 1155 612 legitima

180 617 307 679 inseruit
414 618 560 689 262131
586 617 646 679 Cat.
665 619 749 693 63,2
858 617 988 691 262,19
1012 617 1155 696 (Catullus

181 702 463 777 1000001000100)1
491 700 550 763 Cot.
573 702 662 781 (rem.
687 703 715 765 6.

77 790 255 857 1711111118
282 793 341 847 001.
364 785 428 847 bist.
455 788 552 866 praef.
576 789 594 862 ξ
619 790 634 850 1
660 786 746 864 (Cat
759 784 895 846 ullum
924 794 1155 848 conterraneum

132 862 308 946 W'‘rnreum):
337 869 396 932 Cot.
416 873 442 945 1,
465 874 483 933 3
506 879 534 932 et
557 873 606 945 12,
624 874 663 934 17
773 863 835 954 [28,
854 872 907 933 191
932 870 993 934 Cet.
1016 872 1105 950 (rqm.
1122 867 1154 953 8]

300 957 351 1029 36,
374 958 415 1020 48
438 955 591 1033 (Catulli
615 954 827 1032 Veronensis):
853 955 914 1018 Cet.
937 958 988 1031 29,
1012 958 1062 1019 3Χ

183 1041 234 1114 36,
253 1043 328 1103 1541
348 1039 408 1102 Cat.
424 1043 483 1115 1,2
572 1042 624 1116 37,
640 1043 678 1105 81
696 1040 885 1118 (Catullus
900 1044 1014 1120 poeta):
1040 1040 1100 1103 Cot.
1115 1042 1155 1104 52

182 1122 345 1193 <vanains
360 1135 490 1177 0000010
504 1160 512 1176 .
530 1135 629 1178 010110
644 1136 804 1178 imorem.
822 1123 961 1193 enarres).

79 1212 117 1276 18
143 1218 348 1278 QVlNffllNVs
374 1213 442 1273 inst.
469 1214 517 1286 10,
544 1215 571 1285 1,
594 1213 636 1275 96
658 1210 774 1273 iambus
797 1230 859 1272 non
882 1229 953 1272 sane
976 1229 992 1271 a
1014 1210 1156 1272 Romanis

183 1296 348 1359 celebratus
370 1304 415 1358 est
442 1304 477 1358 nt
498 1297 652 1376 proprium
677 1315 767 1376 opus,
796 1317 813 1355 s
832 1294 1040 1374 *quibusdam
1062 1295 1156 1356 inter·

182 1381 306 1462 positus
343 1381 429 1443 cuius
451 1381 595 1443 acerbitas
618 1381 648 1442 in
668 1381 836 1455 Catullo,
858 1379 1010 1454 Bibaculo,
1034 1380 1156 1441 Horatio

263 1466 438 1546 reperietur.
549 1470 576 1542 1,
600 1469 628 1541 5,
652 1467 687 1530 8:
720 1465 781 1532 Cot.
804 1469 898 1541 97,6
1012 1470 1038 1540 1,
1061 1469 1091 1539 5,
1115 1467 1156 1528 20

182 1551 337 1628 (Catulli
360 1550 461 1612 nobile
479 1551 688 1631 epigramma):
714 1551 774 1613 Cet.
791 1553 832 1616 84
918 1551 995 1625 6,3,
1014 1551 1068 1615 181
1095 1550 1157 1612 001.

184 1637 277 1711 86,4
393 1638 422 1710 9,
446 1638 475 1710 3,
500 1638 539 1698 16
566 1635 753 1711 (Catullus
781 1636 812 1697 in
843 1632 1059 1718 epithalamio):
1096 1633 1155 1696 Cat.

184 1721 235 1795 62,
258 1723 299 1783 45
386 1719 795 1798 19,4,1411601.29,1
884 1719 957 1796 111,
976 1725 1003 1793 1,
1027 1721 1067 1783 38
1091 1719 1157 1798 (ali-

184 1805 251 1882 quis
272 1804 456 1882 poetarum):
483 1803 543 1864 Cot.
567 1805 618 1866 93.

78 1891 118 1952 19
141 1896 296 1948 1111111118
319 1891 346 1962 1,
365 1888 481 1967 praefi:
503 1887 658 1948 Lasciuam
679 1887 842 1948 uerborum
863 1887 1035 1960 ueritatem,
1061 1886 1158 1948 idest

184 1973 419 2053 epigrammaton
441 1972 573 2051 linguam
591 1989 773 2044 excusarem,
796 1971 821 2033 si
842 1989 942 2033 meum
958 1979 1036 2033 esset
1057 1989 1157 2033 exem-

184 2058 283 2138 plum:
312 2057 355 2118 sio
377 2056 479 2118 scribit
501 2057 689 2130 Catullus,
712 2057 755 2117 sic
777 2055 907 2131 Marsus,
929 2055 973 2117 sic
995 2055 1091 2129 Pedo,
1114 2057 1157 2118 sic

184 2140 364 2215 Gaetulicus,
387 2142 429 2203 sio
452 2141 633 2221 quicumque
655 2141 819 2221 perlegitur
907 2144 934 2216 1,
952 2141 988 2201 71
1014 2139 1154 2215 00121

290 2225 342 2304 11,
366 2227 416 2300 61,
443 2230 457 2288 1
481 2227 599 2288 Verona
628 2226 707 2288 docti
736 2226 862 2307 syllabas
887 2231 965 2287 amat
987 2227 1072 2300 uatis,
1096 2224 1158 2286 Ma·

183 2331 259 2373 rone
281 2311 350 2372 febr
372 2312 491 2372 Mantua
514 2320 560 2374 est
669 2315 696 2385 1,
723 2314 781 2375 109
804 2312 865 2373 lssa
894 2319 939 2372 est
960 2328 1079 2389 passere
1102 2329 1157 2371 ne·

184 2397 273 2476 quior
295 2395 436 2458 Catulli
529 2399 558 2471 2,
583 2399 620 2459 71
647 2395 820 2475 Siquando
844 2415 880 2457 01
902 2395 1013 2457 nostris
1034 2395 1158 2458 disticba

184 2501 280 2562 pauca
301 2481 385 2560 lego,
408 2481 550 2543 Protinus
572 2490 624 2543 aut
645 2481 734 2544 Marsi
756 2482 863 2543 recitas
886 2490 937 2542 aut
958 2481 1068 2560 scripta
1091 2480 1158 2541 Ca-

184 2566 273 2628 tulli
365 2568 535 2641 4,14,131
567 2565 628 2628 Get.
652 2568 715 2638 2,1
809 2569 839 2638 5,
863 2566 1003 2638 55811
1023 2565 1107 2626 loeus
1129 2571 1159 2625 et

185 2650 296 2713 nostris
318 2651 415 2729 aliqua
436 2649 489 2711 tibi
512 2660 597 2730 parte
620 2650 735 2724 libellis,
759 2650 825 2721 Qua
847 2648 937 2722 Pedo,
960 2667 1018 2728 qua
1033 2649 1157 2724 Marsus,

186 2754 304 2816 quaque
332 2734 505 2797 Catullus
533 2737 591 2796 erit
698 2736 727 2809 6,
750 2737 801 2808 34,
825 2737 860 2797 71
894 2732 954 2796 Cot.
979 2736 1008 2808 5,
1032 2737 1050 2796 7

187 2823 217 2894 7,
241 2825 290 2896 14,
314 2822 349 2884 31
374 2820 436 2882 Cet.
460 2821 489 2894 3,
516 2823 553 2883 17
661 2822 689 2893 7,
712 2820 763 2893 99,
788 2822 806 2881 7
829 2819 890 2881 Nec
912 2819 1009 2880 Marso
1033 2818 1158 2880 nimium

185 2906 286 2966 minor
313 2912 358 2967 est
380 2903 551 2984 (Martialis)
580 2904 728 2982 doctoque
756 2903 904 2965 Catullo
1012 2905 1041 2978 8,
1064 2905 1115 2979 73,
1138 2905 1158 2967 8

187 2990 312 3070 Cyntbia
333 2998 364 3050 te
386 2998 487 3050 uatem
508 2988 589 3062 10011,
611 2988 720 3050 lasciue
742 2989 889 3069 Properti,
911 2988 1068 3069 Ingenium
1084 2987 1159 3050 Galli

185 3075 290 3153 pulcra
313 3073 436 3154 Lycoris
465 3080 535 3134 erat.
573 3072 661 3134 Fama
691 3081 736 3135 est
758 3074 854 3153 arguti
874 3074 1008 3136 Nemesis
1030 3073 1160 3135 formosa

186 3158 313 3219 Tibulli:
342 3157 449 3220 Lesbia
474 3157 611 3234 dictauit,
640 3157 728 3220 docte
751 3157 917 3233 Catulle,
945 3158 999 3220 tibi
1111 3161 1159 3230 10,

187 3243 296 3317 78,16
318 3242 380 3304 Νο0
402 3242 511 3305 multos
532 3243 604 3304 mihi
626 3245 776 3323 praeferas
798 3243 924 3323 priores,
945 3243 1009 3303 Vno
1032 3243 1084 3304 sed
1106 3241 1160 3303 tibi

186 3328 243 3389 sim
265 3327 363 3387 minor
386 3327 534 3389 Catullo
645 3331 821 3403 10,103,5
843 3329 905 3389 Neo
931 3346 984 3389 sua
1013 3327 1080 3407 plus
1108 3327 1160 3386 de-

187 3411 238 3473 bet
266 3411 349 3473 tenui
370 3412 487 3474 Verona
510 3413 623 3474 Catullo
649 3413 755 3493 Meque
780 3413 853 3474 uelit
881 3413 939 3473 dici
969 3430 1031 3472 non
1060 3409 1161 3472 minus

186 3497 235 3559 illa
258 3496 392 3575 (Bilbilis)
416 3515 504 3560 suum
614 3501 662 3573 11,
687 3500 716 3573 6,
743 3501 790 3560 14.
818 3499 869 3560 161
896 3495 1010 3568 caco,
1032 3496 1049 3557 7

191 3584 238 3657 12,
254 3585 306 3656 44,
324 3586 342 3645 5
358 3582 464 3645 Lesbia
483 3601 552 3645 cum
574 3593 680 3645 100010
701 3590 731 3644 10
753 3592 854 3661 posset
875 3598 974 3641 amare
997 3579 1158 3655 Catullo,

187 3667 230 3727 Te
251 3676 321 3747 post
342 3668 491 3729 Nasonem
513 3667 621 3728 blanda
643 3667 775 3728 Corinna
797 3667 882 3745 sequi
977 3667 1025 3738 12,
1049 3667 1098 3738 59,
1123 3668 1159 3728 31

190 3751 250 3814 Cat.
275 3754 303 3826 5,
327 3753 353 3813 7·
458 3755 506 3826 12,
530 3754 580 3825 83,
603 3756 623 3814 4
652 3752 772 3813 Derisor
801 3750 949 3822 Fabianus
977 3750 1159 3824 berniarum,

188 3836 301 3898 Omnes
323 3855 412 3915 quem
434 3839 523 3899 modo
546 3837 621 3898 colei
644 3837 788 3898 timebant
802 3836 957 3898 [licentem
979 3834 1105 3896 tumidas
1128 3835 1160 3896 in

187 3921 363 4001 hydrocelas
393 3922 546 3993 Quantum
579 3939 635 3982 nec
663 3921 722 3982 duo
751 3921 885 3983 dicerent
912 3920 1053 3982 Catulli

193 4010 240 4080 14,
263 4008 321 4069 771
354 4005 413 4069 Cat.
438 4010 467 4081 3,
493 4009 529 4070 17
649 4010 697 4081 14,
722 4009 798 4070 1001
829 4006 890 4069 Cot.
919 4006 1052 4085 109109
