2738 4672
224 283 302 338 XVIII

659 283 858 338 TESTIMONIA

335 465 362 533 1,
374 461 425 532 27,
442 461 479 520 15
492 457 545 518 Est
558 457 657 518 animo
670 476 785 532 uersus,
801 475 875 535 quos
887 456 968 517 nulla
981 456 1118 518 obliteret
1131 466 1212 520 aetas
1223 458 1303 535 (Cot.

334 545 475 618 64232),
484 543 637 603 Coniicere
697 544 727 617 2,
737 545 787 618 30,
798 545 835 605 10
848 540 1019 603 candidiora
1032 542 1102 603 niue
1113 542 1189 618 (Cot.
1198 544 1249 618 80,
1259 544 1303 620 2).

418 628 486 708 eleg.
502 627 539 690 od
552 626 594 688 Io.
610 625 755 690 Lomolom
771 646 802 708 p.
822 628 880 691 185
897 625 1080 707 (Hermopbr.
1095 627 1136 689 cd.
1152 626 1305 708 Forberp.)

333 717 428 794 Atque
450 712 522 773 adeo
546 720 628 792 grata
650 720 695 774 est
717 720 860 791 quantum
883 730 945 773 nou
968 720 1048 791 grata
1065 710 1179 774 Catullo
1194 712 1304 774 Lesbia

335 817 391 860 nec
413 797 496 859 Gallo
519 805 600 877 grata
621 796 743 878 Lycoris
771 805 844 858 erat.
887 795 961 857 idem
983 796 1152 859 Beccotellos
1181 801 1213 858 io
1241 803 1305 878 epi-

332 883 416 946 stolis
429 882 512 945 boec:
529 886 609 963 epist.
624 882 716 961 pollis.
733 884 762 956 4,
783 884 820 944 12
842 900 873 960 p.
893 881 952 944 183
968 883 1020 955 (31.
1038 885 1070 942 io
1093 880 1213 944 Crateri
1226 882 1304 945 1331-

330 967 520 1051 331313333
546 987 574 1027 o.
601 966 693 1043 1747)
723 985 798 1045 quos
825 965 965 1042 (bomines
989 968 1173 1042 doctissimos)
1202 977 1305 1030 certus

334 1053 470 1133 equidem
483 1069 562 1113 eram
570 1051 691 1112 minIme
703 1052 940 1130 reprehensuros
949 1051 1099 1113 lasciuiam
1112 1052 1305 1129 ciusfflerm-

333 1138 504 1218 opdrodittls
527 1136 638 1215 quippe
660 1154 728 1196 cum
743 1135 887 1216 plurImos
902 1136 1005 1197 norint
1019 1137 1099 1198 uiros
1115 1137 1219 1199 doctos
1234 1157 1303 1217 gra-

335 1243 388 1284 ues
409 1229 536 1293 sanctos,
559 1230 589 1281 et
602 1239 724 1300 graecos
740 1229 770 1282 et
783 1230 913 1294 nostros,
934 1221 1002 1282 talia
1017 1222 1198 1302 scriptitasse
1213 1231 1303 1303 atque
1355 1231 1359 1241 ‘

333 1308 412 1369 inter
433 1325 539 1366 manus
560 1306 657 1368 adhuc
679 1306 790 1368 uersari
814 1305 974 1381 Catullum,
1001 1306 1119 1368 biblum
1142 1308 1304 1384 Tibullum,

333 1391 545 1472 Propertium.
562 1437 569 1451 .
586 1391 680 1471 ..(3.
698 1392 771 1470 185)
792 1435 848 1450 ...
866 1436 874 1452 .
895 1391 1048 1454 uerissima
1071 1391 1118 1452 illa
1142 1392 1211 1469 (133)
1235 1394 1303 1472 qui·
1348 1442 1350 1445 .

334 1477 401 1538 dem
424 1494 512 1555 quam
535 1474 665 1538 Catullus
686 1475 759 1538 dirrit
777 1470 864 1538 ‘Nam
886 1485 999 1538 castum
1022 1476 1303 1539 63331-13311313

331 1557 460 1642 possint'
480 1561 534 1638 (ε
553 1560 613 1624 Cot.
633 1564 681 1635 16,
698 1563 802 1640 5-9).
892 1566 919 1635 1,
936 1563 973 1626 31
996 1582 1025 1643 p.
1043 1562 1178 1636 6933111,
1200 1562 1304 1634 Immo,

333 1656 367 1708 ut
382 1645 512 1708 Catullus
527 1647 576 1721 311,
591 1645 670 1707 uiam
687 1665 760 1707 uora
775 1646 851 1722 (Cot.
868 1647 919 1719 35,
935 1648 976 1723 7).
1064 1651 1143 1728 epist.
1156 1665 1246 1728 comp.
1260 1649 1302 1711 34

329 1752 360 1813 p.
378 1735 439 1796 361)
462 1730 632 1807 maturabis,
655 1731 754 1806 immo,
777 1740 811 1794 ut
833 1731 963 1794 Catullus
985 1733 1039 1807 ait,
1063 1733 1141 1793 uiam
1163 1731 1303 1808 uorabis;

333 1821 374 1882 40
393 1837 423 1898 p.
441 1819 502 1882 365
530 1817 690 1879 ostendens
719 1818 808 1897 plane
837 1835 942 1879 uerum
972 1836 1037 1880 esse
1069 1817 1148 1896 quod
1172 1816 1304 1879 Catullus

332 1911 419 1983 poeta
442 1902 544 1964 scribit
562 1896 708 1964 ‘amantes
723 1903 787 1964 Non
811 1902 900 1982 longe
923 1921 1026 1964 33313
1049 1920 1176 1982 3313313
1197 1901 1304 1964 abesse

332 1979 451 2049 uolunt'
476 1986 551 2060 (Cat.
568 1989 618 2060 66,
634 1989 697 2060 31).

228 2079 268 2140 74
291 2071 374 2133 Xicoo
392 2069 565 2131 Poleotoous
587 2074 619 2129 io
641 2070 714 2129 libro
731 2071 764 2130 de
783 2070 970 2148 scriptoribus
992 2070 1091 2131 laticis
1110 2076 1203 2150 (poem
1226 2075 1304 2134 circo

333 2173 444 2217 conum
462 2154 542 2216 1430
557 2152 692 2229 absoluit)
713 2151 780 2214 boec
799 2150 882 2213 bobet
904 2153 936 2213 de
956 2152 1067 2213 Catullo
1083 2155 1118 2215 ob
1134 2154 1236 2216 lillisio
1260 2159 1303 2219 ed.

337 2239 411 2302 Cot.²
434 2258 466 2319 p.
488 2240 550 2302 355
579 2255 616 2298 eto
644 2237 737 2298 codice
768 2235 973 2298 11133311121
1007 2246 1123 2300 31131313
1151 2238 1305 2317 (31311313

333 2325 431 2386 IIIIisii
455 2343 486 2404 p.
509 2321 577 2399 XXI:
608 2320 741 2382 concinis
769 2320 832 2381 eius
853 2321 981 2393 (Aemilii
1001 2320 1097 2384 Moeri
1122 2321 1303 2402 Veronensis)

331 2409 465 2471 Valerius
477 2406 607 2469 Catullus
620 2405 755 2467 habetur.
787 2405 864 2466 bello
880 2405 928 2466 bic
943 2405 1023 2467 ciuili
1039 2406 1119 2486 quod
1133 2408 1163 2469 in
1177 2407 1303 2472 Marium

334 2494 414 2556 Sulla
442 2492 535 2572 gessit
563 2498 650 2552 natus
678 2498 738 2552 est:
766 2498 892 2552 mortem
920 2501 1019 2553 autem
1041 2492 1153 2555 Romae
1181 2494 1246 2574 ipso
1269 2495 1302 2557 in

333 2579 437 2642 aetatis
458 2578 531 2639 llore
554 2575 750 2656 (trigesimum
779 2575 885 2656 agebat
907 2578 1030 2655 annum)
1054 2578 1128 2639 obiit
1149 2580 1303 2657 proiectus

334 2668 449 2727 adeam
463 2662 579 2736 urbem,
602 2662 632 2722 in
657 2680 724 2741 qua,
747 2662 801 2723 etsi
816 2680 864 2723 res
879 2662 998 2742 publica
1011 2664 1068 2724 iam
1086 2663 1175 2725 uariis
1197 2664 1302 2726 lactio-

335 2750 423 2811 nibus
444 2757 473 2810 et
494 2747 578 2809 bellis
599 2746 736 2809 ciuilibus
757 2755 933 2827 aegrotaret,
954 2748 1111 2829 imperium
1133 2757 1231 2810 tamen
1252 2768 1303 2810 or-

333 2835 379 2896 bis
399 2845 429 2894 et
450 2841 606 2913 poetarum
627 2832 824 2913 amplissimus
846 2833 918 2894 ordo
942 2842 971 2894 et
993 2834 1143 2895 literarum
1167 2834 1304 2895 omnium

334 2919 476 2999 templum
500 2926 585 2980 esset.
629 2918 752 2980 comites
773 2919 852 2979 uitae
874 2938 909 2980 ex
938 2919 1039 2980 multis
1067 2919 1111 2980 sui
1135 2920 1302 2980 amantissi-

334 3023 400 3066 mos
429 3005 564 3066 nomInat
592 3003 630 3063 Ill.
654 3002 782 3064 Tullium
812 3007 847 3080 (o.
871 3004 922 3078 49)
951 3011 980 3064 31
1008 3003 1150 3064 Catonem
1178 3005 1213 3079 (c.
1239 3004 1301 3080 56),

334 3090 432 3151 uirum
465 3087 671 3169 grauIssimum
705 3087 787 3148 illum
815 3089 862 3150 331
891 3096 993 3168 333133
1021 3087 1150 3150 Vticensi
1178 3097 1303 3168 propter

335 3174 515 3254 siugularem
536 3172 627 3234 animi
649 3172 845 3234 constantiam
867 3181 896 3234 et
910 3172 1054 3234 libertatis
1068 3191 1198 3234 amorem
1215 3173 1301 3234 lacri-

335 3259 449 3320 mabilis
471 3258 587 3320 euersio
610 3256 653 3317 rei
673 3256 808 3335 publicae
823 3269 1054 3336 cognomentum
1070 3259 1158 3320 dedit.
1195 3276 1303 3336 poema

337 3343 441 3407 Catulli
462 3344 543 3405 adest
565 3359 657 3404 unum
681 3340 873 3420 epithalamiis
901 3351 931 3404 31
952 3343 1100 3405 3133131113
1127 3342 1216 3404 rebus
1237 3343 1302 3421 ple-

335 3449 425 3492 num:
443 3428 583 3490 feminam
599 3426 688 3500 enim,
704 3425 750 3487 331
766 3444 871 3488 uerum
887 3427 986 3489 Clodia
1002 3447 1112 3489 nomon
1128 3434 1215 3501 esset,
1230 3428 1303 3489 Les-

336 3516 415 3577 biam
437 3514 509 3575 13133
532 3520 620 3573 33331
637 3519 667 3572 31
681 3510 769 3572 basiis
784 3511 884 3573 multis
899 3511 1028 3573 millibus
1044 3513 1136 3574 basiat
1150 3517 1185 3587 (3.
1203 3517 1232 3586 5,
1252 3516 1302 3589 10)

336 3608 425 3679 atque
446 3596 551 3660 labella
574 3596 636 3658 eius
658 3596 777 3658 basians
799 3596 875 3658 dulci
899 3597 1024 3675 quadam
1046 3606 1076 3658 31
1090 3597 1191 3659 3111313
1208 3597 1302 3658 basia-

336 3684 418 3745 11333
439 3701 527 3761 saepe
555 3681 671 3742 mordet
694 3680 743 3759 (os.
766 3681 835 3757 o.8,
854 3682 912 3757 18).
958 3682 987 3742 11
1010 3681 1106 3762 lepide
1134 3681 1236 3744 scribit
1266 3683 1301 3743 ad

337 3769 506 3830 Cornelium
528 3784 615 3828 suum
638 3765 689 3844 qui
711 3784 805 3845 nugas
827 3766 890 3829 eius
911 3767 1020 3847 aliquid
1043 3785 1106 3829 esse
1128 3775 1233 3847 putare
1255 3786 1303 3829 so·

336 3855 410 3914 leret
432 3855 466 3931 (c.
491 3857 518 3925 1,
540 3853 581 3931 4).
628 3860 777 3930 praetereo
805 3852 872 3914 boec
899 3851 972 3914 libro
989 3862 1028 3913 11:
1056 3871 1143 3914 suum
1171 3871 1244 3914 uero
1267 3853 1303 3914 ad

337 3938 488 3999 Aurelium
508 3939 543 4013 (3.
562 3937 611 4009 16,
628 3934 659 4012 5)
682 3936 811 3998 Catullus
830 3937 1011 3999 Veronensis
1032 3937 1167 3999 scribens
1189 3945 1303 3999 castum

336 4042 401 4086 3333
423 4023 528 4084 decere
550 4039 584 4082 33
606 4020 688 4099 pium
710 4030 827 4099 poetam
850 4023 951 4099 refert.
