2738 4672
655 283 696 348 43,
714 285 807 347 3-44,
825 285 855 335 21

344 453 405 515 Neo
427 454 523 534 longis
546 454 643 533 digitis
665 473 721 515 neo
743 472 795 515 ore
817 455 896 516 sicco

344 537 405 599 Neo
427 558 498 600 sane
521 539 607 601 nimis
630 539 763 619 elegante
785 539 895 619 lingua,

305 634 319 682 5
343 624 513 685 D'eeoetoris
535 625 626 685 arniea
650 626 795 686 formiani.

340 707 408 770 'len
431 709 584 789 prouincia
608 721 706 771 narrat
728 729 791 772 esse
814 708 942 772 bellam‘l

343 794 453 854 Tecum
477 794 580 856 Lesbia
604 805 703 856 nostra
726 789 932 874 eomparatur?

344 881 367 941 O
391 880 519 940 saeelum
542 880 692 959 insapiens
715 891 743 942 et
764 881 939 941 infacetuml

342 1062 369 1132 O
391 1067 483 1127 funde
507 1076 608 1129 noster
630 1085 682 1128 seu
705 1066 806 1128 sabine
828 1086 880 1128 seu
902 1067 997 1149 tiburs

343 1150 428 1226 (Nam
450 1161 479 1212 te
502 1171 565 1213 esse
587 1152 727 1213 tiburtem
750 1160 904 1214 autumant
927 1153 1035 1232 quibus
1058 1173 1117 1214 non
1143 1162 1187 1215 est

343 1235 430 1297 Cordi
454 1236 598 1298 Catullum
621 1237 750 1298 laedere:
773 1246 802 1297 at
825 1238 930 1318 quibus
954 1238 1044 1298 cordi¹
1058 1251 1103 1307 est

344 1321 457 1392 Quouis
479 1321 615 1383 sabinum
638 1323 760 1402 pignore
782 1341 846 1384 esse
870 1323 1078 1400 contendunt),

251 1435 254 1445 =
306 1416 320 1465 5
343 1407 399 1466 Sed
422 1425 474 1468 seu
497 1407 598 1468 sabine
622 1408 684 1468 siue
707 1408 807 1470 uerius
829 1407 933 1481 tiburs,

343 1490 397 1552 Fui
419 1492 545 1552 libenter
567 1493 597 1553 in
621 1501 670 1553 tua
693 1493 864 1554 suburbana

345 1576 418 1637 Villa
439 1577 604 1656 malamque
628 1588 749 1657 pectore
771 1578 874 1657 expuli
893 1578 1005 1649 tussim,

341 1661 407 1722 Non
431 1662 590 1724 inmerenti
613 1681 700 1742 quam
723 1664 793 1724 mihi
815 1683 900 1725 meus
922 1674 1034 1736 uenter,
1078 1706 1080 1709 ψ

342 1746 417 1807 Dum
441 1757 627 1828 sumptuosas
650 1757 765 1828 appeto,
789 1749 877 1824 dedit,
901 1767 999 1810 eenas.

293 1841 319 1891 10
341 1833 422 1905 Nam,
445 1834 590 1896 sestianus
613 1836 682 1896 dum
705 1835 775 1896 uolo
798 1854 862 1896 esse
885 1836 1021 1906 conuiua,

343 1918 516 1980 Orationem
539 1920 569 1980 in
593 1920 713 1981 Antium
735 1921 891 2000 petitorem

341 2003 461 2064 Plenam
485 2005 593 2065 ueneni
618 2016 646 2065 et
667 2006 851 2084 pestilentiae
874 2005 941 2084 legi.

342 2087 466 2149 Hieme
489 2089 610 2167 grauido
634 2089 739 2167 frigida
762 2098 791 2150 et
813 2091 953 2167 frequens
975 2089 1063 2149 tussis

341 2172 498 2243 Ouassauit
519 2191 613 2251 usque
636 2173 706 2233 dum
729 2175 759 2234 in
783 2182 866 2234 tuum
890 2174 987 2234 sinum
1010 2173 1070 2251 lugi

290 2266 318 2314 15
340 2256 378 2317 Et
400 2276 447 2317 me
469 2257 606 2318 recuraui
630 2258 749 2336 otioque
772 2267 802 2319 et
825 2258 931 2318 urtica.-

341 2341 438 2412 Ouare
461 2342 589 2402 relectus
611 2342 751 2404 maximas
773 2343 826 2403 tibi
849 2352 947 2423 grates

340 2427 413 2505 Ago,
436 2444 534 2486 meum
557 2425 637 2504 quod
660 2446 721 2487 non
745 2447 775 2489 es
798 2428 856 2489 ulta
879 2435 1068 2506 peceatum(

341 2513 400 2573 Nee
423 2511 567 2590 deprecor
590 2511 656 2584 iam,
680 2514 704 2572 si
728 2514 839 2573 nelarie
861 2514 970 2592 scripta

343 2596 417 2658 Sesti
439 2614 571 2675 reeepso,
596 2597 668 2675 quio
691 2598 881 2676 grauedinem
904 2609 933 2658 et
954 2597 1058 2658 tussim

289 2691 317 2742 to
340 2682 405 2742 Non
429 2685 479 2754 mi,
502 2681 553 2742 sed
575 2682 631 2761 ipsi
655 2683 748 2743 Sestio
772 2684 846 2743 ferat
867 2683 970 2760 frigus,

341 2766 398 2837 Oui
420 2776 492 2828 tune
514 2777 602 2829 uoeat
624 2786 671 2827 me
693 2787 760 2828 eum
783 2768 892 2828 malum
915 2767 1022 2828 librum
1045 2767 1112 2844 legi.

213 2954 416 2962 ....—-——

298 2986 455 3051 'tedpantur
475 2983 509 3035 0*
532 2985 542 3054 l
564 2988 578 3039 8
599 2983 619 3036 0
638 2985 725 3038 sedum
746 2987 777 3050 V,
795 2987 858 3038 inde
877 2985 896 3037 O
916 2985 1048 3048 seolumg
1069 2981 1079 3051 l
1103 2981 1234 3047 insapiens
1253 2984 1291 3044 (in

212 3051 314 3117 sapiens
335 3051 365 3114 G)
385 3051 547 3116 7inlaeetum
566 3054 601 3118 (in
621 3053 731 3106 facetum
752 3055 781 3120 G)
800 3055 832 3119 V,
855 3056 988 3105 inderet.
1007 3057 1033 3103 et
1053 3066 1123 3102 corr.
1141 3048 1244 3115 feeitg
1263 3053 1290 3102 in

211 3120 296 3186 sapi5s
315 3123 370 3187 atqs
389 3121 414 3169 in
433 3121 542 3173 facetum

296 3186 335 3242 44
353 3190 529 3239 Interstitiom
546 3190 650 3240 nultum
670 3190 699 3242 V
710 3191 719 3256 ll
737 3191 752 3240 2
771 3197 801 3241 cu
820 3191 914 3256 quibus
934 3187 979 3252 G*,
997 3191 1028 3239 οἵ]
1046 3188 1118 3252 deig
1133 3186 1143 3253 ll
1163 3190 1179 3238 4
1197 3185 1291 3251 pigno·

210 3255 245 3308 ris
264 3256 289 3308 V
306 3258 315 3323 ΙΙ
333 3256 472 3308 conteduut
492 3255 528 3306 0*
543 3258 552 3323 ll
572 3261 585 3308 'l
605 3258 731 3324 aliamque
748 3258 776 3309 V
788 3256 797 3325 ll
816 3258 902 3323 expuli
921 3259 1011 3310 tussim
1028 3257 1180 3308 Amantius:
1199 3255 1291 3318 expul-

211 3338 255 3376 sus
274 3326 322 3376 sim
342 3326 371 3378 V
383 3325 458 3390 expui
477 3325 566 3376 tussim
586 3324 708 3389 Scaliger
731 3326 740 3389 ΙΙ
764 3328 779 3378 8
797 3326 822 3375 in
842 3327 949 3378 merenti
969 3324 1123 3378 Oimereuli
1143 3322 1164 3374 G
1184 3318 1194 3387 l
1215 3334 1292 3374 mens

211 3396 297 3445 uertur
319 3394 347 3444 V
359 3408 421 3442 eorr
437 3393 562 3443 Faernus
582 3395 592 3459 ΙΙ
617 3396 647 3446 10
666 3393 788 3445 sestianus
810 3393 846 3443 0*
862 3394 873 3463 n
891 3394 999 3446 eonuiua
1017 3397 1041 3458 (a
1059 3396 1088 3444 in
1105 3405 1202 3443 rasura
1221 3389 1291 3439 dua-

210 3475 272 3510 rum
290 3461 444 3510 litteratum
461 3464 570 3527 scripsit
583 3477 611 3526 g,
630 3459 723 3522 fuerat
738 3459 853 3522 sortasse
871 3462 998 3528 conuiuia)
1019 3459 1067 3529 Gli
1078 3456 1119 3513 Ι11
1141 3457 1289 3510 Orationem

210 3527 237 3578 in
255 3526 360 3580 Antium
379 3528 498 3580 Statius:
520 3528 640 3580 Oratione
658 3530 806 3581 minantium
827 3531 858 3594 V,
877 3547 911 3581 ex
930 3528 1049 3581 Oratione
1067 3527 1178 3592 uir-gulo
1196 3541 1291 3590 mper-

210 3597 312 3660 sert'pta
331 3594 474 3650 Orationem
493 3595 594 3663 feeitg
621 3597 631 3662 ΙΙ
657 3598 791 3665 petitorem
812 3598 842 3661 V,
865 3599 927 3649 inde
949 3598 1085 3664 petitorum
1103 3594 1169 3656 feeit
1182 3610 1203 3659 g
1228 3594 1289 3655 [boe

207 3663 323 3730 plurimi
341 3666 412 3728 booz]
435 3664 445 3731 l
469 3667 501 3718 12
520 3667 655 3732 pestilente
676 3666 712 3717 0*
733 3666 742 3734 ll
770 3665 833 3720 131·
851 3668 893 3729 (=
913 3665 974 3731 llo)
1015 3665 1060 3731 *ΙΙ
1085 3667 1115 3717 15
1136 3663 1244 3730 ocioque
1264 3661 1294 3713 V

211 3732 346 3798 oeimoque
359 3751 382 3784 ω
400 3732 501 3801 alioque
515 3733 712 3790 Comeliesenus
729 3736 738 3804 ll
758 3737 787 3788 11
806 3734 927 3787 ulteFae
977 3732 1067 3807 ¹sultu’
1079 3730 1291 3810 Muretutuflus

211 3849 270 3897 erra
359 3835 514 3887 aedi-enaim
560 3839 591 3889 19
610 3834 707 3888 Sestire
725 3852 802 3904 cepso
821 3835 904 3903 quiV
917 3834 925 3900 ll
943 3838 975 3888 20
993 3834 1069 3885 miehi
1089 3815 1113 3886 'G'
1128 3813 1152 3884 rii
1169 3834 1189 3884 0
1206 3832 1215 3898 Ι]
1233 3845 1289 3887 see-

211 3902 246 3954 tio
269 3902 297 3954 V
352 3920 405 3955 an*
432 3907 506 3956 rant?
567 3906 597 3958 21
618 3908 660 3955 tire
677 3905 709 3970 V,
725 3906 772 3957 sed
788 3910 817 3957 tn
837 3904 953 3969 Gprios
969 3901 1062 3963 fuerat
1078 3905 1127 3955 nde
1146 3901 1290 3964 tuotone),

210 3972 283 4038 quod
302 3970 343 4035 G¹,
360 3973 529 4036 mulctetur,
553 3975 583 4022 tn
601 3976 643 4023 tue
661 3976 793 4039 eorreaett,
813 3977 865 4025 tum
884 3972 1016 4036 Hauptiue
1036 3968 1046 4037 ll
1068 3969 1120 4038 legi
1133 3970 1288 4021 Lattman-

211 4055 275 4092 nus:
292 4040 357 4106 legit
374 4040 426 4109 (leg
446 4040 475 4106 0)
494 4039 526 4106 V,
544 4039 610 4112 ‘Q
622 4040 801 4092 Boebrensius
826 4040 889 4107 legit
906 4039 998 4090 librum
1017 4055 1040 4089 ω
